@preamble{ " \newcommand{\noop}[1]{} " }



@article{eigenworms,
  title={Dimensionality and dynamics in the behavior of C. elegans},
  author={Stephens, G.J. and Johnson-Kerner, B. and Bialek, W. and Ryu, W.S.},
  journal={PLoS computational biology},
  volume={4},
  number={4},
  pages={e1000028},
  year={2008}
}


@article{high-throughput,
  title={High-throughput ethomics in large groups of Drosophila},
  author={Branson, K. and Robie, A. and Bender, J. and Perona, P. and Dickinson, M.},
  journal={Nature methods},
  volume={6},
  number={6},
  pages={451},
  year={2009},
  publisher={NIH Public Access}
}

@Article{ era,
 title={The ethomics era?},
  author={Reiser, M.},
  journal={Nature methods},
  volume={6},
  number={6},
  pages={413--414},
  year={2009},
  publisher={Nature Publishing Group}
}


@article{dankert,
  title={Automated monitoring and analysis of social behavior in Drosophila},
  author={Dankert, H. and Wang, L. and Hoopfer, E.D. and Anderson, D.J. and Perona, P.},
  journal={Nature methods},
  volume={6},
  number={4},
  pages={297},
  year={2009},
  publisher={NIH Public Access}
}


@Article{kalman_1960,
title={A New Approach to Linear Filtering and Prediction Problems 1}, 
author={Kalman, R. E.},
journal={Journal Of Basic Engineering},
volume={82},
number={Series D},
pages={35--45},
publisher={Citeseer},
year={1960}
}

@article{eigenpictures,
  title={{Low-dimensional procedure for the characterization of human faces}},
  author={Sirovich, L. and Kirby, M.},
  journal={JOSA A},
  volume={4},
  number={3},
  pages={519--524},
  issn={1520-8532},
  year={1987},
  publisher={Optical Society of America}
}
@conference{eigenfaces,
  title={{Face recognition using eigenfaces}},
  author={Turk, M.A. and Pentland, A.P.},
  booktitle={Computer Vision and Pattern Recognition, 1991. Proceedings CVPR'91., IEEE Computer Society Conference on},
  pages={586--591},
  isbn={0818621486},
  year={1991},
  organization={IEEE}
}
@article{pca_handwriting,
  title={{Human arm movements described by a low-dimensional superposition of principal components}},
  author={Sanger, T.D.},
  journal={Journal of NeuroScience},
  volume={20},
  number={3},
  pages={1066},
  year={2000},
  publisher={Soc Neuroscience}
}
@article{ppca,
  title={{Probabilistic principal component analysis}},
  author={Tipping, M. E. and Bishop, C. M.},
  journal={Journal of the Royal Statistical Society. Series B (Statistical Methodology)},
  volume={61},
  number={3},
  pages={611--622},
  issn={1369-7412},
  year={1999}
}
@article{isomap,
  title={{A global geometric framework for nonlinear dimensionality reduction}},
  author={Tenenbaum, J.B. and Silva, V. and Langford, J.C.},
  journal={Science},
  volume={290},
  number={5500},
  pages={2319},
  issn={0036-8075},
  year={2000},
  publisher={American Association for the Advancement of Science}
}
@article{kernel_pca_reconstruction,
  title={{Kernel PCA pattern reconstruction via approximate pre-images}},
  author={Schoelkopf, B. and Mika, S. and Smola, A. and Raetsch, G. and Mueller, K.R.},
  year={1998},
  publisher={Citeseer}
}
@article{kernel_pca,
  title={{Nonlinear component analysis as a kernel eigenvalue problem}},
  author={Schoelkopf, B. and Smola, A. and Mueller, K.R.},
  journal={Neural computation},
  volume={10},
  number={5},
  pages={1299--1319},
  issn={0899-7667},
  year={1998},
  publisher={MIT Press}
}
@article{tutorial_particle,
  title={{A tutorial on particle filters for online nonlinear/non-Gaussian Bayesian tracking}},
  author={Arulampalam, M.S. and Maskell, S. and Gordon, N. and Clapp, T.},
  journal={Signal Processing, IEEE Transactions on},
  volume={50},
  number={2},
  pages={174--188},
  issn={1053-587X},
  year={2002},
  publisher={IEEE}
}
% technical report
@article{ghahramanihinton,
  title={Parameter estimation for linear dynamical systems},
  author={Ghahramani, Z. and Hinton, G.E.},
  journal={University of Toronto technical report CRG-TR-96-2},
  volume={6},
  year={1996},
  publisher={Citeseer}
}

}
@ONLINE{kalman_toolbox,
  author = {Murphy, K.},
  title = {Kalman filter toolbox for Matlab},
  month = {June},
  year = {2004},
  url = {http://www.cs.ubc.ca/~murphyk/Software/Kalman/kalman.html}
}
@book{kalman_introduction,
  title={{Stochastic models, estimation and control}},
  author={Maybeck, P.S.},
  isbn={0124807011},
  year={1979},
  publisher={Academic press}
}
@inproceedings{murray2001gaussian,
  title={Gaussian Process priors with ARMA noise models},
  author={Murray-Smith, R and Girard, A},
  booktitle={Irish Signals and Systems Conference, Maynooth},
  pages={147--152},
  year={2001}
}
@article{cottone2010novel,
  title={A novel exact representation of stationary colored Gaussian processes (fractional differential approach)},
  author={Cottone, Giulio and Di Paola, Mario and Santoro, Roberta},
  journal={Journal of Physics A: Mathematical and Theoretical},
  volume={43},
  number={8},
  pages={085002},
  year={2010},
  publisher={IOP Publishing}
}



@article{tsoli2011robot,
  title={Robot grasping for prosthetic applications},
  author={Tsoli, A. and Jenkins, O.},
  journal={Robotics Research},
  pages={1--12},
  year={2011},
  publisher={Springer}
}


@article{hanlon2000multiple,
  title={Multiple-model adaptive estimation using a residual correlation Kalman filter bank},
  author={Hanlon, P.D. and Maybeck, P.S.},
  journal={Aerospace and Electronic Systems, IEEE Transactions on},
  volume={36},
  number={2},
  pages={393--406},
  year={2000},
  publisher={IEEE}
}
@article{hanlon2000characterization,
  title={Characterization of Kalman filter residuals in the presence of mismodeling},
  author={Hanlon, P.D. and Maybeck, P.S.},
  journal={Aerospace and Electronic Systems, IEEE Transactions on},
  volume={36},
  number={1},
  pages={114--131},
  year={2000},
  publisher={IEEE}
}
@article{martin2004portrait,
  title={{A portrait of locomotor behaviour in Drosophila determined by a video-tracking paradigm}},
  author={Martin, J.R.},
  journal={Behavioural processes},
  volume={67},
  number={2},
  pages={207--219},
  issn={0376-6357},
  year={2004},
  publisher={Elsevier}
}
@article{martin2003locomotor,
  title={{Locomotor activity: a complex behavioural trait to unravel}},
  author={Martin, J.R.},
  journal={Behavioural processes},
  volume={64},
  number={2},
  pages={145--160},
  issn={0376-6357},
  year={2003},
  publisher={Elsevier}
}
@article{regulatory_genes,
  title={{Are Complex Behaviors Specified Review by Dedicated Regulatory Genes? Reasoning from Drosophila}},
  author={Baker, B.S. and Taylor, B.J. and Hall, J.C.},
  journal={Cell},
  volume={105},
  pages={13--24},
  year={2001}
}

@book{bishopbook,
  title={{Pattern recognition and machine learning}},
  author={Bishop, C. M.},
  volume={4},
  year={2006},
  publisher={Springer New York}
}
@book{machine_vision,
  title={Machine vision},
  author={Jain, R. and Kasturi, R. and Schunck, B.G.},
  volume={5},
  year={1995},
  publisher={McGraw-Hill New York}
}
@article{console1991relationship,
  title={On the relationship between abduction and deduction},
  author={Console, L. and Dupr{\'e}, D.T. and Torasso, P.},
  journal={Journal of Logic and Computation},
  volume={1},
  number={5},
  pages={661},
  year={1991},
  publisher={Oxford Univ Press}
}
@article{kakas1992abductive,
  title={Abductive logic programming},
  author={Kakas, A.C. and Kowalski, R.A. and Toni, F.},
  journal={Journal of logic and computation},
  volume={2},
  number={6},
  pages={719--770},
  year={1992},
  publisher={Oxford Univ Press}
}


@article{motor_primitives_review,
  title={{Motor primitives in vertebrates and invertebrates}},
  author={Flash, T. and Hochner, B.},
  journal={Current Opinion in Neurobiology},
  volume={15},
  number={6},
  pages={660--666},
  issn={0959-4388},
  year={2005},
  publisher={Elsevier}
}
@book{doucet_sequential,
  title={{Sequential Monte Carlo methods in practice}},
  author={Doucet, A. and De Freitas, N. and Gordon, N.},
  isbn={0387951466},
  year={2001},
  publisher={Springer Verlag}
}

@article{particle_parameter_learning,
  title={Particle filtering and parameter learning},
  author={Johannes, M. and Polson, N.},
  journal={University of Chicago, Working Paper},
  year={2007}
}


@article{reynolds,
  title={Robust text-independent speaker identification using Gaussian mixture speaker models},
  author={Reynolds, D.A. and Rose, R.C.},
  journal={Speech and Audio Processing, IEEE Transactions on},
  volume={3},
  number={1},
  pages={72--83},
  year={1995},
  publisher={IEEE}
}
@misc{hough,
  title={Method and means for recognizing complex patterns},
  author={Hough, P.V.C.},
  year={1962},
  month=dec # "~18",
  publisher={Google Patents},
  note={US Patent 3,069,654}
}
@article{maynard,
  title={Optimization theory in evolution},
  author={Smith, J.M.},
  journal={Annual Review of Ecology and Systematics},
  volume={9},
  pages={31--56},
  year={1978},
  publisher={JSTOR}
}
@article{pyke1984optimal,
  title={Optimal foraging theory: a critical review},
  author={Pyke, G.H.},
  journal={Annual Review of Ecology and Systematics},
  pages={523--575},
  year={1984},
  publisher={JSTOR}
}
@article{cole1995fractal,
  title={Fractal time in animal behaviour: the movement activity of Drosophila},
  author={Cole, B.J.},
  year={1995},
  journal={Animal Behaviour}
}
@book{powell1997drosophila,
  title={Progress and prospects in evolutionary biology: the Drosophila model},
  author={Powell, J.R.},
  year={1997},
  publisher={Oxford University Press, USA}
}

@article{bartumeus2009optimal,
  title={Optimal search behavior and classic foraging theory},
  author={Bartumeus, F. and Catalan, J.},
  journal={Journal of Physics A: Mathematical and Theoretical},
  volume={42},
  pages={434002},
  year={2009},
  publisher={IOP Publishing}
}
@article{rinzivillo2008visually,
  title={Visually driven analysis of movement data by progressive clustering},
  author={Rinzivillo, S. and Pedreschi, D. and Nanni, M. and Giannotti, F. and Andrienko, N. and Andrienko, G.},
  journal={Information Visualization},
  volume={7},
  number={3},
  pages={225--239},
  year={2008},
  publisher={Nature Publishing Group}
}
@article{andrienko2007visual,
  title={Visual analytics tools for analysis of movement data},
  author={Andrienko, G. and Andrienko, N. and Wrobel, S.},
  journal={ACM SIGKDD Explorations Newsletter},
  volume={9},
  number={2},
  pages={38--46},
  year={2007},
  publisher={ACM}
}
@TECHREPORT{Vero,
title={Value-Based Decision Making in Drosophila foraging: Computations and Behaviour}
author={Carvajal,V.M.C.}
year={2011}
institution={Fundacao Calouste Gulbenkian}
}
@article{ribeiro2010,
  title={Sex peptide receptor and neuronal TOR/S6K signaling modulate nutrient balancing in Drosophila},
  author={Ribeiro, C. and Dickson, B.J.},
  journal={Current Biology},
  volume={20},
  number={11},
  pages={1000--1005},
  year={2010},
  publisher={Elsevier}
}
@article{root2011,
  title={Presynaptic facilitation by neuropeptide signaling mediates odor-driven food search},
  author={Root, C.M. and Ko, K.I. and Jafari, A. and Wang, J.W.},
  journal={Cell},
  volume={145},
  number={1},
  pages={133--144},
  year={2011},
  publisher={Elsevier}
}

@article{kristan2008neuronal,
  title={Neuronal decision-making circuits},
  author={Kristan, W.B.},
  journal={Current Biology},
  volume={18},
  number={19},
  pages={R928--R932},
  year={2008},
  publisher={Elsevier}
}
@article{rangel2008framework,
  title={A framework for studying the neurobiology of value-based decision making},
  author={Rangel, A. and Camerer, C. and Montague, P.R.},
  journal={Nature Reviews Neuroscience},
  volume={9},
  number={7},
  pages={545--556},
  year={2008},
  publisher={Nature Publishing Group}
}
@article{gold2007neural,
  title={The neural basis of decision making},
  author={Gold, J.I. and Shadlen, M.N.},
  journal={Annu. Rev. Neurosci.},
  volume={30},
  pages={535--574},
  year={2007},
  publisher={Annual Reviews}
}
@article{sugrue2005choosing,
  title={Choosing the greater of two goods: neural currencies for valuation and decision making},
  author={Sugrue, L.P. and Corrado, G.S. and Newsome, W.T.},
  journal={Nature Reviews Neuroscience},
  volume={6},
  number={5},
  pages={363--375},
  year={2005},
  publisher={London: Nature Pub. Group,[2000-}
}
@article{izhikevich2003simple,
  title={Simple model of spiking neurons},
  author={Izhikevich, E.M.},
  journal={Neural Networks},
  volume={14},
  number={6},
  pages={1569--1572},
  year={2003},
  publisher={IEEE}
}
@article{hodgkinhuxley,
  title={A quantitative description of membrane current and its application to conduction and excitation in nerve},
  author={Hodgkin, A.L. and Huxley, A.F.},
  journal={The Journal of physiology},
  volume={117},
  number={4},
  pages={500},
  year={1952},
  publisher={Blackwell Publishing}
}
@article{abbott1999lapicque,
  title={Lapicque's introduction of the integrate-and-fire model neuron (1907)},
  author={Abbott, LF},
  journal={Brain research bulletin},
  volume={50},
  number={5},
  pages={303--304},
  year={1999},
  publisher={Elmsford, NY: Pergamon Journals, Inc., 1976-}
}

@article{tweedie2009flybase,
  title={FlyBase: enhancing Drosophila gene ontology annotations},
  author={Tweedie, S. and Ashburner, M. and Falls, K. and Leyland, P. and McQuilton, P. and Marygold, S. and Millburn, G. and Osumi-Sutherland, D. and Schroeder, A. and Seal, R. and others},
  journal={Nucleic Acids Research},
  volume={37},
  number={suppl 1},
  pages={D555},
  year={2009},
  publisher={Oxford Univ Press}
}
@article{ashburner2000gene,
  title={Gene Ontology: tool for the unification of biology},
  author={Ashburner, M. and Ball, C.A. and Blake, J.A. and Botstein, D. and Butler, H. and Cherry, J.M. and Davis, A.P. and Dolinski, K. and Dwight, S.S. and Eppig, J.T. and others},
  journal={Nature genetics},
  volume={25},
  number={1},
  pages={25},
  year={2000},
  publisher={NIH Public Access}
}
@article{celeux1996entropy,
  title={An entropy criterion for assessing the number of clusters in a mixture model},
  author={Celeux, G. and Soromenho, G.},
  journal={Journal of classification},
  volume={13},
  number={2},
  pages={195--212},
  year={1996},
  publisher={Springer}
}
@article{mannwhitneyu,
  title={On a test of whether one of two random variables is stochastically larger than the other},
  author={Mann, H.B. and Whitney, D.R.},
  journal={The annals of mathematical statistics},
  pages={50--60},
  year={1947},
  publisher={JSTOR}
}
@article{field2005discovering,
  title={Discovering statistics using SPSS .},
  author={Field, A.},
  year={2005},
  publisher={Sage Publications, Inc}
}
@article{wilcoxon1945individual,
  title={Individual comparisons by ranking methods},
  author={Wilcoxon, F.},
  journal={Biometrics Bulletin},
  volume={1},
  number={6},
  pages={80--83},
  year={1945},
  publisher={JSTOR}
}
@article{marsaglia2003kolmogorovmatlab,
  title={Evaluating Kolmogorovs distribution},
  author={Marsaglia, G. and Tsang, W.W. and Wang, J.},
  journal={Journal of Statistical Software},
  volume={8},
  number={18},
  pages={1--4},
  year={2003}
}
@article{massey1951kolmogorov2,
  title={The Kolmogorov-Smirnov test for goodness of fit},
  author={Massey Jr, F.J.},
  journal={Journal of the American Statistical Association},
  pages={68--78},
  year={1951},
  publisher={JSTOR}
}
@misc{plotgm,
    author = {Tsue,P.},
    publisher = {MATLAB Central File Exchange},
    title = {Plot GM},
    month = {August},
    year = {2011},
    url = {http://www.mathworks.com/matlabcentral/fileexchange/8793-plotgm}
  
}
@misc{houghbox,
    author = {Peng,T.},
    publisher = {MATLAB Central File Exchange},
    title = {Detect circles with various radii in grayscale image via Hough Transform},
    month = {August},
    year = {2011},
    url = {http://www.mathworks.com/matlabcentral/fileexchange/9168-detect-circles-with-various-radii-in-grayscale-image-via-hough-transform}
  
}
@article{wigglesworth1949utilization,
  title={The utilization of reserve substances in Drosophila during flight},
  author={Wigglesworth, VB},
  journal={Journal of Experimental Biology},
  volume={26},
  number={2},
  pages={150},
  year={1949},
  publisher={Company of Biologists}
}
@article{hassett1948utilization,
  title={The utilization of sugars and other substances by Drosophila},
  author={Hassett, C.C.},
  journal={Biological Bulletin},
  volume={95},
  number={1},
  pages={114--123},
  year={1948},
  publisher={JSTOR}
}
@article{burke2011remembering,
  title={Remembering nutrient quality of sugar in Drosophila},
  author={Burke, C.J. and Waddell, S.},
  journal={Current Biology},
  year={2011},
  publisher={Elsevier}
}
@article{masek2010limited,
  title={Limited taste discrimination in Drosophila},
  author={Masek, P. and Scott, K.},
  journal={Proceedings of the National Academy of Sciences},
  volume={107},
  number={33},
  pages={14833},
  year={2010},
  publisher={National Acad Sciences}
}



@article{dus2011taste,
  title={Taste-independent detection of the caloric content of sugar in Drosophila},
  author={Dus, M. and Min, S.H. and Keene, A.C. and Lee, G.Y. and Suh, G.S.B.},
  journal={Proceedings of the National Academy of Sciences},
  volume={108},
  number={28},
  pages={11644},
  year={2011},
  publisher={National Acad Sciences}
}
@article{mussa1994linear,
  title={Linear combinations of primitives in vertebrate motor control},
  author={Mussa-Ivaldi, F.A. and Giszter, S.F. and Bizzi, E.},
  journal={Proceedings of the National Academy of Sciences},
  volume={91},
  number={16},
  pages={7534},
  year={1994},
  publisher={National Acad Sciences}
}
@article{jing2004construction,
  title={The construction of movement with behavior-specific and behavior-independent modules},
  author={Jing, J. and Cropper, E.C. and Hurwitz, I. and Weiss, K.R.},
  journal={The Journal of neuroscience},
  volume={24},
  number={28},
  pages={6315},
  year={2004},
  publisher={Society for Neuroscience}
}
@article{meltzoff1997babbling,
  title={Explaining facial imitation: A theoretical model},
  author={Meltzoff, A.N. and Moore, M.K.},
  journal={Early development and parenting},
  volume={6},
  number={34},
  pages={179--192},
  year={1997},
  publisher={Citeseer}
}
@inproceedings{todorov2003unsupervised,
  title={Unsupervised learning of sensory-motor primitives},
  author={Todorov, E. and Ghahramani, Z.},
  booktitle={Engineering in Medicine and Biology Society, 2003. Proceedings of the 25th Annual International Conference of the IEEE},
  volume={2},
  pages={1750--1753},
  year={2003},
  organization={IEEE}
}
@inproceedings{bouganis2010training,
  title={Training a spiking neural network to control a 4-DoF robotic arm based on Spike Timing-Dependent Plasticity},
  author={Bouganis, A. and Shanahan, M.},
  booktitle={The 2010 International Joint Conference on Neural Networks (IJCNN)},
  pages={1--8},
 year={2010},
  organization={IEEE}
}
@article{song2000competitive,
  title={Competitive Hebbian learning through spike-timing-dependent synaptic plasticity},
  author={Song, S. and Miller, K.D. and Abbott, L.F. and others},
  journal={nature neuroscience},
  volume={3},
  pages={919--926},
  year={2000},
  publisher={Citeseer}
}

@book{stellman1998encyclopaedia,
  title={Encyclopaedia of occupational health and safety},
  author={Stellman, J.M.},
  volume={1},
  year={1998},
  publisher={International Labor Office}
}
@article{wordnet,
  title={WordNet: a lexical database for English},
  author={Miller, G.A.},
  journal={Communications of the ACM},
  volume={38},
  number={11},
  pages={39--41},
  year={1995},
  publisher={ACM}
}
@book{ridley1995animal,
  title={Animal behavior: An introduction to behavioral mechanisms, development, and ecology},
  author={Ridley, M.},
  year={1995},
  publisher={Blackwell Scientific}
}
@book{russell2010artificial,
  title={Artificial intelligence: a modern approach},
  author={Russell, S.J. and Norvig, P.},
  year={2010},
  publisher={Prentice hall}
}
@book{zarchan2005fundamentals,
  title={Fundamentals of Kalman filtering: a practical approach},
  author={Zarchan, P. and Musoff, H.},
  volume={208},
  year={2005},
  publisher={Aiaa}
}
@book{mandelbrot1983fractal,
  title={The fractal geometry of nature},
  author={Mandelbrot, B.B.},
  year={1983},
  publisher={Wh Freeman}
}
@article{valente2007analysis,
  title={Analysis of the trajectory of Drosophila melanogaster in a circular open field arena},
  author={Valente, D. and Golani, I. and Mitra, P.P.},
  journal={PloS one},
  volume={2},
  number={10},
  pages={e1083},
  year={2007},
  publisher={Public Library of Science}
}

@online{netlab,
    author = {Nabney, I. and Bishop, C.},
    publisher = {Aston University, Engineering and Applied Science},
    title = {Netlab Neural Network Software},
    month = {August},
    year = {2011},
    url = {http://www1.aston.ac.uk/eas/research/groups/ncrg/resources/netlab/}
}
@article{venkatasubramanian2003review,
  title={A review of process fault detection and diagnosis:: Part I: Quantitative model-based methods},
  author={Venkatasubramanian, V. and Rengaswamy, R. and Yin, K. and Kavuri, S.N.},
  journal={Computers \& Chemical Engineering},
  volume={27},
  number={3},
  pages={293--311},
  year={2003},
  publisher={Elsevier}
}
@book{himmelblau1978fault,
  title={Fault detection and diagnosis in chemical and petrochemical processes},
  author={Himmelblau, D.M.},
  year={1978}
}
@book{sutton1998reinforcement,
  title={Reinforcement learning: An introduction},
  author={Sutton, R.S. and Barto, A.G.},
  volume={28},
  year={1998},
  publisher={Cambridge Univ Press}
}
@MastersThesis{MScThesis,
    author     =     {U. Schaechtle},
    title     =     {Clustering Movement Behaviour to Determine Genetic Differences},
    school     =     {Imperial College London},
    address     =     {United Kingdom},
    year     =     {2011}
    }
@article{kowalski1986event,
  title={A logic-based calculus of events},
  author={Kowalski, R. and Sergot, M.},
  journal={New generation computing},
  volume={4},
  number={1},
  pages={67--95},
  year={1986},
  publisher={Springer}
}
@article{richardson2006markov,
  title={Markov logic networks},
  author={Richardson, M. and Domingos, P.},
  journal={Machine Learning},
  volume={62},
  number={1},
  pages={107--136},
  year={2006},
  publisher={Springer}
}
@article{flesch2009probabilistic,
  title={The probabilistic interpretation of model-based diagnosis},
  author={Flesch, I. and Lucas, P.},
  journal={Symbolic and Quantitative Approaches to Reasoning with Uncertainty},
  pages={204--215},
  year={2009},
  publisher={Springer}
}

@inproceedings{flesch2007conflict,
  title={Conflict-based diagnosis: Adding uncertainty to model-based diagnosis},
  author={Flesch, I. and Lucas, P. and Van der Weide, T.},
  booktitle={Proceedings of the 20th International Joint Conference on Artificial Intelligence (IJCAI)},
  pages={380--385},
  year={2007}
}
@article{deKleer1992characterizing,
  title={Characterizing diagnoses and systems},
  author={De Kleer, J. and Mackworth, A.K. and Reiter, R.},
  journal={Artificial Intelligence},
  volume={56},
  number={2-3},
  pages={197--222},
  year={1992},
  publisher={Elsevier}
}
@article{reiter1987theory,
  title={A theory of diagnosis from first principles},
  author={Reiter, R.},
  journal={Artificial intelligence},
  volume={32},
  number={1},
  pages={57--95},
  year={1987},
  publisher={Elsevier}
}
@article{pearl1986fusion,
  title={Fusion, propagation, and structuring in belief networks},
  author={Pearl, J.},
  journal={Artificial intelligence},
  volume={29},
  number={3},
  pages={241--288},
  year={1986},
  publisher={Elsevier}
}


@book{pearl1988probabilistic,
  title={Probabilistic reasoning in intelligent systems: networks of plausible inference},
  author={Pearl, J.},
  year={1988},
  publisher={Morgan Kaufmann}
}
@article{liu2009pervasive,
  title={Pervasive Model Adaptation: The Integration of Planning and Information Gathering in Dynamic Production Systems},
  author={Liu, J. and Kuhn, L. and de Kleer, J.},
  journal={Self-* and Autonomous Systems: reasoning and integration challenges (SAS-09)},
  pages={35},
  year={2009}
}

@techreport{dearden2002particle,
  title={Particle filters for real-time fault detection in planetary rovers},
  author={Dearden, R.},
  year={2002},
  institution={DTIC Document}
}
@inproceedings{dearden2010bayesian,
  title={Bayesian fault diagnosis: Common approaches and challenges},
  author={Dearden, R.},
  booktitle={Cognitive Information Processing (CIP), 2010 2nd International Workshop on},
  pages={215--220},
  year={2010},
  organization={IEEE}
}


@article{hartshorne1931collected,
  title={Collected Papers of Charles Sanders Peirce},
  author={Hartshorne, C. and Weiss, P.},
  journal={Cambridge, MA},
  year={1931}
}
@article{wittgenstein1922,
  author = {Wittgenstein, L.},
  editor = {D.F.Pears},
  interhash = {c39a1b93744c957f9098b1826bb2c2a9},
  intrahash = {19e33df557e74d1d782d0cc66ec63847},
  journal = {London: Routledge, 1981},
  title = {Tractatus Logico-Philosophicus},
  url = {http://scholar.google.de/scholar.bib?q=info:1G2GoIkyCZIJ:scholar.google.com/&output=citation&hl=de&ct=citation&cd=0},
  year = 1922,
  timestamp = {2009-10-05T18:01:22.000+0200},
  keywords = {wittgenstein_1922},
  added-at = {2009-10-05T18:01:22.000+0200},
  biburl = {http://www.bibsonomy.org/bibtex/219e33df557e74d1d782d0cc66ec63847/poltrock}
}
@article{domingos2009solving,
  title={Solving AI-We need a new language for artificial intelligence.},
  author={Domingos, P.},
  journal={Technology Review},
  pages={10},
  year={2009}
}

@inproceedings{peel2008data,
  title={Data driven prognostics using a kalman filter ensemble of neural network models},
  author={Peel, L.},
  booktitle={Prognostics and Health Management, 2008. PHM 2008. International Conference on},
  pages={1--6},
  year={2008},
  organization={IEEE}
}
@article{mengshoel2010probabilistic,
  title={Probabilistic model-based diagnosis: An electrical power system case study},
  author={Mengshoel, O.J. and Chavira, M. and Cascio, K. and Darwiche, A. and Poll, S. and Uckun, S.},
  journal={IEEE Transactions on Systems, Man, and Cybernetics Systems and Humans},
  volume={40},
  number={5},
  pages={874--885},
  year={2010}
}
@article{alonso2004enhancing,
  title={Enhancing consistency based diagnosis with machine learning techniques},
  author={Alonso, C. and Rodr{\'\i}guez, J. and Pulido, B.},
  journal={Current Topics in Artificial Intelligence},
  pages={312--321},
  year={2004},
  publisher={Springer}
}
@article{carrault2003temporal,
  title={Temporal abstraction and inductive logic programming for arrhythmia recognition from electrocardiograms},
  author={Carrault, G. and Cordier, M.O. and Quiniou, R. and Wang, F.},
  journal={Artificial Intelligence in Medicine},
  volume={28},
  number={3},
  pages={231--263},
  year={2003},
  publisher={Elsevier}
}
@article{muggleton1994inductive,
  title={Inductive logic programming: Theory and methods},
  author={Muggleton, S. and De Raedt, L.},
  journal={The Journal of Logic Programming},
  volume={19},
  pages={629--679},
  year={1994},
  publisher={Elsevier}
}
@article{ray2003hybrid,
  title={Hybrid abductive inductive learning: A generalisation of Progol},
  author={Ray, O. and Broda, K. and Russo, A.},
  journal={Inductive Logic Programming},
  pages={311--328},
  year={2003},
  publisher={Springer}
}

@inproceedings{raghavan2010bayesian,
  title={Bayesian abductive logic programs},
  author={Raghavan, S. and Mooney, R.},
  booktitle={Proceedings of the AAAI-10 Workshop on Statistical Relational AI (Star-AI 10)},
  pages={82--87},
  year={2010}
}
@article{ledley1959reasoning,
  title={Reasoning foundations of medical diagnosis},
  author={Ledley, R.S. and Lusted, L.B.},
  journal={Science},
  volume={130},
  number={3366},
  pages={9--21},
  year={1959}
}

@article{mccarthy1980circumscription,
  title={Circumscription--a form of non-monotonic reasoning},
  author={McCarthy, J.},
  journal={Artificial intelligence},
  volume={13},
  number={1-2},
  pages={27--39},
  year={1980},
  publisher={Elsevier}
}
@book{kowalski2011computational,
  title={Computational logic and human thinking: how to be artificially intelligent},
  author={Kowalski, R.},
  year={2011},
  publisher={Cambridge Univ Pr}
}
@article{davidoff1995evidence,
  title={Evidence based medicine},
  author={Davidoff, F. and Haynes, B. and Sackett, D. and Smith, R.},
  journal={Bmj},
  volume={310},
  number={6987},
  pages={1085--1086},
  year={1995},
  publisher={British Medical Journal Publishing Group}
}
@article{lucas1997symbolic,
  title={Symbolic diagnosis and its formalisation},
  author={Lucas, P.},
  journal={The Knowledge Engineering Review},
  volume={12},
  number={2},
  pages={109--146},
  year={1997},
  publisher={Cambridge University Press}
}
@article{gaines1987overview,
  title={An overview of knowledge-acquisition and transfer},
  author={Gaines, B.R.},
  journal={International Journal of Man-Machine Studies},
  volume={26},
  number={4},
  pages={453--472},
  year={1987},
  publisher={Elsevier}
}
@article{klir1976identification,
  title={Identification of generative structures in empirical data},
  author={Klir, GJ},
  journal={International Journal of General Systems},
  volume={3},
  number={02},
  year={1976},

}
@book{collins1992changing,
  title={Changing order: Replication and induction in scientific practice},
  author={Collins, H.M.},
  year={1992},
  publisher={University of Chicago Press}
}
@article{neale1988first,
  title={First generation expert systems: A review of knowledge acquisition methodologies.},
  author={Neale, I.M.},
  journal={KNOWLEDGE ENG. REV.},
  volume={3},
  number={2},
  pages={105--145},
  year={1988},
  publisher={Cambridge Univ Press}
}
@inproceedings{grover1983pragmatic,
  title={A pragmatic knowledge acquisition methodology},
  author={Grover, M.D.},
  booktitle={Proceedings of the 8th International Joint Conference on Artificial Intelligence},
  volume={12},
  pages={131--139},
  year={1983},
  organization={Citeseer}
}
@article{waterman1986guide,
  title={A guide to expert systems},
  author={Waterman, D.},
  year={1986},
  publisher={Addison-Wesley Pub. Co., Reading, MA}
}
@article{feigenbaum1983fifth,
  title={The fifth generation: artificial intelligence and Japan's computer challenge to the world},
  author={Feigenbaum, E.A. and McCorduck, P.},
  year={1983},
  publisher={Addison-Wesley Pub. Co., Reading, MA}
}
@article{studer1998knowledge,
  title={Knowledge engineering: principles and methods},
  author={Studer, R. and Benjamins, V.R. and Fensel, D.},
  journal={Data \& knowledge engineering},
  volume={25},
  number={1-2},
  pages={161--197},
  year={1998},
  publisher={Elsevier}
}
@article{marcus1989salt,
  title={SALT: A knowledge acquisition language for propose-and-revise systems},
  author={Marcus, S. and McDermott, J.},
  journal={Artificial Intelligence},
  volume={39},
  number={1},
  pages={1--37},
  year={1989},
  publisher={Elsevier}
}
@article{buchanan1983constructing,
  title={Constructing an expert system},
  author={Buchanan, B.G. and Barstow, D. and Bechtal, R. and Bennett, J. and Clancey, W. and Kulikowski, C. and Mitchell, T. and Waterman, D.A.},
  journal={Building expert systems},
  volume={50},
  pages={127--167},
  year={1983},
  publisher={Addison-Wesley Reading, Mass.}
}
@article{lavrac1992second,
  title={Second generation knowledge acquisition methods and their application to medicine},
  author={Lavrac, N. and Mozetic, I.},
  year={1992},
  publisher={Citeseer}
}
@article{gennari2003evolution,
  title={The evolution of Prot{\'e}g{\'e}: an environment for knowledge-based systems development},
  author={Gennari, J.H. and Musen, M.A. and Fergerson, R.W. and Grosso, W.E. and Crub{\'e}zy, M. and Eriksson, H. and Noy, N.F. and Tu, S.W.},
  journal={International Journal of Human-Computer Studies},
  volume={58},
  number={1},
  pages={89--123},
  year={2003},
  publisher={Elsevier}
}
@book{chang1990model,
  title={Model theory},
  author={Chang, C.C. and Keisler, H.J.},
  volume={73},
  year={1990},
  publisher={North Holland}
}
@inproceedings{kimmig2011algebraic,
  title={An algebraic Prolog for reasoning about possible worlds},
  author={Kimmig, A. and Van den Broeck, G. and De Raedt, L.},
  year={2011}
}
@inproceedings{de2007problog,
  title={ProbLog: A probabilistic Prolog and its application in link discovery},
  author={De Raedt, L. and Kimmig, A. and Toivonen, H.},
  booktitle={Proceedings of the 20th international joint conference on Artifical intelligence},
  pages={2468--2473},
  year={2007}
}
@article{liu2009pervasive,
  title={Pervasive Model Adaptation: The Integration of Planning and Information Gathering in Dynamic Production Systems},
  author={Liu, J. and Kuhn, L. and de Kleer, J.},
  journal={Self-* and Autonomous Systems: reasoning and integration challenges (SAS-09)},
  pages={35},
  year={2009}
}
@article{poole1993probabilistic,
  title={Probabilistic Horn abduction and Bayesian networks},
  author={Poole, D.},
  journal={Artificial Intelligence},
  volume={64},
  number={1},
  pages={81--129},
  year={1993},
  publisher={Elsevier}
}
@article{poole1993logic,
  title={Logic programming, abduction and probability},
  author={Poole, D.},
  journal={New Generation Computing},
  volume={11},
  number={3},
  pages={377--400},
  year={1993},
  publisher={Springer}
}
@article{poole1997independent,
  title={The independent choice logic for modelling multiple agents under uncertainty},
  author={Poole, D.},
  journal={Artificial Intelligence},
  volume={94},
  number={1-2},
  pages={7--56},
  year={1997},
  publisher={Elsevier}
}
@article{feldman2008computing,
  title={Computing observation vectors for max-fault min-cardinality diagnoses},
  author={Feldman, A. and Provan, G. and Van Gemund, A.},
  journal={Proc. AAAI 08},
  pages={911--918},
  year={2008}
}
@inproceedings{belard2011theory,
  title={A Theory of Meta-Diagnosis: Reasoning about Diagnostic Systems},
  author={Belard, N. and Pencol{\'e}, Y. and Combacau, M.},
  booktitle={Proc. IJCAI-11 22nd International Joint Conference on Artificial Intelligence},
  year={2011}
}
@inproceedings{lamperti2011context,
  title={Context-Sensitive Diagnosis of Discrete-Event Systems},
  author={Lamperti, G. and Zanella, M.},
  booktitle={Twenty-Second International Joint Conference on Artificial Intelligence},
  year={2011}
}
@inproceedings{flesch2007conflict,
  title={Conflict-based diagnosis: Adding uncertainty to model-based diagnosis},
  author={Flesch, I. and Lucas, P. and Van der Weide, T.},
  booktitle={Proceedings of the 20th International Joint Conference on Artificial Intelligence (IJCAI)},
  pages={380--385},
  year={2007}
}

@article{endriss2004ciff,
  title={The CIFF proof procedure for abductive logic programming with constraints},
  author={Endriss, U. and Mancarella, P. and Sadri, F. and Terreni, G. and Toni, F.},
  journal={Logics in Artificial Intelligence},
  pages={31--43},
  year={2004},
  publisher={Springer}
}
@article{spiegelhalter1987probabilistic,
  title={[Probabilistic Expert Systems in Medicine: Practical Issues in Handling Uncertainty]: Rejoinder},
  author={Spiegelhalter, D.J.},
  journal={Statistical Science},
  volume={2},
  number={1},
  pages={43--44},
  year={1987},
  publisher={Institute of Mathematical Statistics}
}
@ONLINE{who_diabetes,
  author = {{World Health Organization}},
  title = {World Health Organization - Media Centre - Diabetes - Key Facts},
  month = {April},
  year = {2012},
  url = {http://www.who.int/mediacentre/factsheets/fs312/en/index.html}
}
@inproceedings{ray2006prologica,
  title={ProLogICA: a practical system for Abductive Logic Programming},
  author={Ray, O. and Kakas, A.},
  booktitle={Proceedings of the 11th International Workshop on Non-monotonic Reasoning},
  pages={304--312},
  year={2006},
  organization={Citeseer}
}
@article{fung1997iff,
  title={The IFF proof procedure for abductive logic programming},
  author={Fung, T.H. and Kowalski, R.},
  journal={The Journal of logic programming},
  volume={33},
  number={2},
  pages={151--165},
  year={1997},
  publisher={Elsevier}
}
@article{sato2001parameter,
  title={Parameter learning of logic programs for symbolic-statistical modeling},
  author={Sato, T. and Kameya, Y.},
  journal={Arxiv preprint arXiv:1106.1797},
  year={2011}
}
@inproceedings{eisner2005compiling,
  title={Compiling Comp Ling: Practical weighted dynamic programming and the Dyna language},
  author={Eisner, J. and Goldlust, E. and Smith, N.A.},
  booktitle={Proceedings of the conference on Human Language Technology and Empirical Methods in Natural Language Processing},
  pages={281--290},
  year={2005},
  organization={Association for Computational Linguistics}
}
@book{getoor2007introduction,
  title={Introduction to statistical relational learning},
  author={Getoor, L. and Taskar, B.},
  year={2007},
  publisher={The MIT Press}
}
@article{bechara2005somatic,
  title={The somatic marker hypothesis: A neural theory of economic decision},
  author={Bechara, A. and Damasio, A.R.},
  journal={Games and Economic Behavior},
  volume={52},
  number={2},
  pages={336--372},
  year={2005},
  publisher={Elsevier}
}
@book{glasgow1995diagrammatic,
  title={Diagrammatic reasoning: Cognitive and computational perspectives},
  author={Glasgow, J. and Narayanan, N.H. and Chandrasekaran, B.},
  year={1995},
  publisher={MIT Press}
}
@article{kahneman2003maps,
  title={Maps of bounded rationality: Psychology for behavioral economics},
  author={Kahneman, D.},
  journal={The American economic review},
  volume={93},
  number={5},
  pages={1449--1475},
  year={2003},
  publisher={JSTOR}
}
@article{kahneman1979prospect,
  title={Prospect theory: An analysis of decision under risk},
  author={Kahneman, D. and Tversky, A.},
  journal={Econometrica: Journal of the Econometric Society},
  pages={263--291},
  year={1979},
  publisher={JSTOR}
}
@article{brand2006neuropsychological,
  title={Neuropsychological correlates of decision-making in ambiguous and risky situations},
  author={Brand, M. and Labudda, K. and Markowitsch, H.J.},
  journal={Neural Networks},
  volume={19},
  number={8},
  pages={1266--1276},
  year={2006},
  publisher={Elsevier}
}

@inproceedings{sato1995statistical,
  title={A statistical learning method for logic programs with distribution semantics},
  author={Sato, T.},
  booktitle={In Proceedings of the 12th International Conference on Logic Programming},
  year={1995},
  organization={Citeseer}

}
@article{muggleton1996stochastic,
  title={Stochastic logic programs},
  author={Muggleton, S.},
  journal={Advances in inductive logic programming},
  volume={32},
  pages={254--264},
  year={1996}
}
@inproceedings{kakas2004kgp,
  title={The {KGP} model of agency},
  author={Kakas, A.C. and Mancarella, P. and Sadri, F. and Stathis, K. and Toni, F.},
  booktitle={ECAI},
  volume={16},
  pages={33},
  year={2004}
}
@inproceedings{pfeffer2001ibal,
  title={{IBAL}: A probabilistic rational programming language},
  author={Pfeffer, A.},
  booktitle={International Joint Conference on Artificial Intelligence},
  volume={17},
  number={1},
  pages={733--740},
  year={2001},
  organization={Citeseer}
}
@article{heckerman2007probabilistic,
  title={Probabilistic entityrelationship models, {PRM}s, and plate models},
  author={Heckerman, D. and Meek, C. and Koller, D.},
  journal={Introduction to statistical relational learning},
  pages={201},
  year={2007},
  publisher={The MIT Press}
}
@article{milch2007BLOG,
  title={{BLOG}: Probabilistic Models with Unknown Objects},
  author={Milch, B. and Marthi, B. and Russell, S. and Sontag, D. and Ong, D.L. and Kolobov, A.},
  journal={Statistical relational learning},
  pages={373},
  year={2007}
}
@book{pearl1991theory,
  title={A theory of inferred causation},
  author={Pearl, Judea and Verma, Thomas and others},
  year={1991},
  publisher={Morgan Kaufmann San Mateo, CA}
}

@article{friedman2003being,
  title={Being Bayesian about network structure. A Bayesian approach to structure discovery in Bayesian networks},
  author={Friedman, N. and Koller, D.},
  journal={Machine learning},
  volume={50},
  number={1},
  pages={95--125},
  year={2003},
  publisher={Springer}
}
@book{pearl2000causality,
  title={Causality: models, reasoning, and inference},
  author={Pearl, J.},
  volume={47},
  year={2000},
  publisher={Cambridge University Press}
}

@techreport{davis1988model,
  title={Model-based reasoning: Troubleshooting},
  author={Davis, R. and Hamscher, W.C.},
  year={1988},
  institution={Massachusetts Institute of Technology Artificial Intelligence Laboratory}
}
@techreport{pearl2012trygve,
  title={Trygve Haavelmo and the Emergence of Causal Calculus},
  author={Pearl, J.},
  year={2012},
  institution={University of California, Los Angeles}
}
@article{bottou2011machine,
  title={From machine learning to machine reasoning},
  author={Bottou, L.},
  journal={Arxiv},
  year={2011}
}
@inproceedings{poole2008independent,
  title={The independent choice logic and beyond},
  author={Poole, D.},
  booktitle={Probabilistic inductive logic programming},
  pages={222--243},
  year={2008},
  organization={Springer-Verlag}
}
@article{erwig2006functional,
  title={{FUNCTIONAL PEARLS}: Probabilistic functional programming in Haskell},
  author={Erwig, M. and Kollmansberger, S.},
  journal={Journal of Functional Programming},
  volume={16},
  number={01},
  pages={21--34},
  year={2006},
  publisher={Cambridge Univ Press}
}
@article{vennekens2009cp,
  title={CP-logic: A language of causal probabilistic events and its relation to logic programming},
  author={Vennekens, J. and Denecker, M. and Bruynooghe, M.},
  journal={Theory and Practice of Logic Programming},
  volume={9},
  number={03},
  pages={245--308},
  year={2009},
  publisher={Cambridge Univ Press}
}
@techreport{pearl2010if,
  title={If Oswald Hadn't Used Counterfactuals, My Robot Would Have},
  author={Pearl, J.},
  year={2010},
  institution={University of California, Los Angeles}
}

@book{spirtes2000causation,
  title={Causation, prediction, and search},
  author={Spirtes, P. and Glymour, C. N. and Scheines, R.},
  volume={81},
  year={2000}
}
@article{zhang2008causal,
  title={Causal reasoning with ancestral graphs},
  author={Zhang, J.},
  journal={The Journal of Machine Learning Research},
  volume={9},
  pages={1437--1474},
  year={2008},
  publisher={JMLR. org}
}
@article{richardson2002ancestral,
  title={Ancestral graph Markov models},
  author={Richardson, T. and Spirtes, P.},
  journal={The Annals of Statistics},
  volume={30},
  number={4},
  pages={962--1030},
  year={2002},
  publisher={Institute of Mathematical Statistics}
}
@article{chickering1996learning,
  title={Learning Bayesian networks is NP-complete},
  author={Chickering, D.M.},
  journal={LECTURE NOTES IN STATISTICS-NEW YORK-SPRINGER VERLAG-},
  pages={121--130},
  year={1996},
  publisher={SPRINGER VERLAG KG}
}
@article{daly2011learning,
  title={Learning Bayesian networks: Approaches and issues},
  author={Daly, R. and Shen, Q. and Aitken, S.},
  journal={The Knowledge Engineering Review},
  volume={26},
  number={02},
  pages={99--157},
  year={2011},
  publisher={Cambridge Univ Press}
}

@article{heckerman1992toward,
  title={Toward normative expert systems: Part II. Probability-based representations for efficient knowledge acquisition and inference},
  author={Heckerman, D.E. and Nathwani, B.N. and others},
  journal={Methods of information in medicine},
  volume={31},
  number={2},
  pages={106--116},
  year={1992}
}
@InProceedings{andreassen1991model,
author ={Andreassen, S. and Hovorka, R. and Benn, J. and Olesen,K.G. and Carson, E.R.},
title =     {A Model-based Approach to Insulin Adjustment},
booktitle = {Proceedings of the Third Conference on Artificial Intelligence in Medicine},
year =     {1991},
editor =     {M. Stefanelli and A. Hasman and M. Fieschi and J. Talmon},
pages =     {"239--248"},
publisher = {"Springer-Verlag"}
}
@InProceedings{beinlich1989ALARM,
author ={Beinlich, I. and Suermondt, H. and Chavez, R. and Cooper, G.},
title =     {The {ALARM} monitoring system: a case study with two probabilistic inference techniques for belief networks},
booktitle = {Proceedings of the Second European Conference on Artificial Intelligence in Medicine},
year =     {1989},
pages =     {"247--256"},
publisher = {"Springer-Verlag"}
}

@ONLINE{bnt,
  author = {Murphy, K.},
  title = {Bayesian Network Toolbox},
  month = {October},
  year = {2007. },
  url = {http://bnt.googlecode.com/svn/trunk/docs/usage.html}
}
@article{heckerman200711,
  title={11 A Bayesian Approach to Learning Causal Networks},
  author={Heckerman, D.},
  journal={Advances in decision analysis: from foundations to applications},
  pages={202},
  year={2007},
  publisher={Cambridge Univ Pr}
}
@inproceedings{heckerman1995bayesian,
  title={A Bayesian approach to learning causal networks},
  author={Heckerman, D.},
  booktitle={Proceedings of the Eleventh Conference on Uncertainty in Artificial Intelligence},
  pages={285--295},
  year={1995},
  organization={Morgan Kaufmann Publishers Inc.}
}
% check: bookchapter
@article{heckerman2007bayesian,
  title={A Bayesian Approach to Learning Causal Networks},
  author={Heckerman, D.},
  journal={Advances in decision analysis: from foundations to applications},
  pages={202},
  year={2007},
  publisher={Cambridge Univ Pr}
}

@techreport{spirtes2010automated,
  title={Automated search for causal relations: Theory and practice},
  author={Spirtes, P. and Glymour, C. N. and Scheines, R. and Tillman, R.},
  year={2010},
  institution={Department of Philosophy, Carnegie Mellon University}

}

@article{shpitser2008complete,
  title={Complete identification methods for the causal hierarchy},
  author={Shpitser, I. and Pearl, J.},
  journal={The Journal of Machine Learning Research},
  volume={9},
  pages={1941--1979},
  year={2008},
  publisher={JMLR. org}
}
@article{gretton2008kernel,
  title={A kernel method for the two-sample problem},
  author={Gretton, A. and Borgwardt, K. and Rasch, M.J. and Scholkopf, B. and Smola, A.J.},
  journal={The Journal of Machine Learning Research},
  year={2008}
}
@article{tillman2009nonlinear,
  title={Nonlinear directed acyclic structure learning with weakly additive noise models},
  author={Tillman, R. and Gretton, A. and Spirtes, P.},
 booktitle = {{A}dvances in {N}eural {I}nformation {P}rocessing {S}ystems ({NIPS})},
  volume={22},
  pages={1847--1855},
  year={2009}
}
@ONLINE{wormbook,
  author = {Ashrafi, K.},
  title = {Obesity and the regulation of fat metabolism (March 9, 2007)},
  publisher = {WormBook, ed. The C. elegans Research Community},
  month = {October},
  year ={2007},
  url = {http://www.wormbook.org/chapters/www_obesity/obesity.html}
}
@article{isci2011pathway,
  title={Pathway analysis of high-throughput biological data within a Bayesian network framework},
  author={Isci, S. and Ozturk, C. and Jones, J. and Otu, H.H.},
  journal={Bioinformatics},
  volume={27},
  number={12},
  pages={1667--1674},
  year={2011},
  publisher={Oxford Univ Press}
}
@article{forsberg2011estimating,
  title={Estimating survival in patients with operable skeletal metastases: an application of a Bayesian belief network},
  author={Forsberg, J.A. and Eberhardt, J. and Boland, P.J. and Wedin, R. and Healey, J.H.},
  journal={PLoS One},
  volume={6},
  number={5},
  pages={e19956},
  year={2011},
  publisher={Public Library of Science}
}
@inproceedings{shimizu2005discovery,
  title={Discovery of non-gaussian linear causal models using {ICA}},
  author={Shimizu, S. and Hyv{\"a}rinen, A. and Kano, Y. and Hoyer, P. O.},
  booktitle={Proceedings of the 21st Conference on Uncertainty in Artificial Intelligence},
  pages={526--533},
  year={2005},
  publisher={Corvallis: AUAI Press}
}
@article{hoyer2006estimation,
  title={Estimation of linear, non-Gaussian causal models in the presence of confounding latent variables},
  author={Hoyer, P. O. and Shimizu, S. and Kerminen, A.J.},
  journal={Arxiv preprint cs/0603038},
  year={2006}
}
@article{shimizu2006linear,
  title={A linear non-Gaussian acyclic model for causal discovery},
  author={Shimizu, S. and Hoyer, P. O. and Hyv{\"a}rinen, A. and Kerminen, A.},
  journal={The Journal of Machine Learning Research},
  volume={7},
  pages={2003--2030},
  year={2006},
  publisher={JMLR. org}
}
@inproceedings{lacerda2008discovering,
  title={Discovering cyclic causal models by independent components analysis},
  author={Lacerda, G. and Spirtes, P. and Ramsey, J. and Hoyer, P. O.},
  booktitle={The 24th Conference on Uncertainty in Artificial Intelligence},
  pages={366--374},
  year={2008},
  publisher={Corvallis: AUAI Press}
}
@article{yehezkel2009bayesian,
  title={Bayesian network structure learning by recursive autonomy identification},
  author={Yehezkel, R. and Lerner, B.},
  journal={The Journal of Machine Learning Research},
  volume={10},
  pages={1527--1570},
  year={2009},
  publisher={JMLR. org}
}
@article{xie2008recursive,
  title={A recursive method for structural learning of directed acyclic graphs},
  author={Xie, X. and Geng, Z.},
  journal={The Journal of Machine Learning Research},
  volume={9},
  pages={459--483},
  year={2008},
  publisher={JMLR. org}
}
@article{mourad2012probabilistic,
  title={Probabilistic graphical models for genetic association studies},
  author={Mourad, R. and Sinoquet, C. and Leray, P.},
  journal={Briefings in bioinformatics},
  volume={13},
  number={1},
  pages={20--33},
  year={2012},
  publisher={Oxford Univ Press}
}
@article{Dall2008economic,
  title={Economic Costs of Diabetes in the U.S. in 2007},
  author={Dall, T. and Mann, S.E. and Zhang, Y. and Martin, J. and Chen, Y. and Hogan, P. },
  journal={Diabetes Care},
  volume={31},
  number={3},
  pages={596--615},
  year={2008},
  publisher={American Diabetes Association}
}
@inproceedings{spirtes2001anytime,
  title={An anytime algorithm for causal inference},
  author={Spirtes, P.},
  booktitle={Proceedings of the International Conference on
Artificial Intelligence and Statistics},
  pages={213--231},
  year={2001}

}
@article{hoyer2008estimation,
  title={Estimation of causal effects using linear non-Gaussian causal models with hidden variables},
  author={Hoyer, Patrik O and Shimizu, Shohei and Kerminen, Antti J and Palviainen, Markus},
  journal={International Journal of Approximate Reasoning},
  volume={49},
  number={2},
  pages={362--378},
  year={2008},
  publisher={Elsevier}
}

@article{hoyer2009nonlinear,
  title={Nonlinear causal discovery with additive noise models},
  author={Hoyer, P. O. and Janzing, D. and Mooij, J.M. and Peters, J. and Sch{\"o}lkopf, B.},
  year={2009}
  location = {http://www.scientificcommons.org/55341379},
  url = {http://edoc.mpg.de/461773},
  institution = {Max Planck Society - eDocument Server [http://edoc.mpg.de/ac_oai.pl] (Germany)}
}

@inproceedings{hoyer2008nonlinear,
  title={Nonlinear causal discovery with additive noise models.},
  author={Hoyer, Patrik O and Janzing, Dominik and Mooij, Joris M and Peters, Jonas and Sch{\"o}lkopf, Bernhard},
    booktitle = {{A}dvances in {N}eural {I}nformation {P}rocessing {S}ystems ({NIPS})},
  volume={21},
  pages={689--696},
  year={2008}
}

@ONLINE{TETRAD,
  author = {Glymour, C. N. and Scheines, R. and Spirtes, P. and Ramsey, J. and Freenor, M. and Kummerfeld, E. and Conor, M. and Glynour, M.},
  title = {The {TETRAD} Project - Causal Models and Statistical Data},
  month = {August},
  year = {2012},
  url = {http://www.phil.cmu.edu/projects/tetrad}
}
@article{ADA2012executive,
  title={Executive summary: standards of medical care in diabetes 2012},
  author={{American Diabetes Association}},
  journal={Diabetes Care},
  volume={35},
  number={1},
  pages={4--10},
  year={2012},
  publisher={American Diabetes Association}
}
@ONLINE{insulinpumps,
  author = {{American Diabetes Association}},
  title = {Living with Diabetes - Insulin Pumps},
  month = {September},
  year = {2012},
  url = {http://www.diabetes.org/living-with-diabetes/treatment-and-care/medication/insulin/insulin-pumps.html}
}
@inproceedings{friedman1998bayesian,
  title={The Bayesian structural EM algorithm},
  author={Friedman, N.},
  booktitle={Proceedings of the Fourteenth conference on Uncertainty in artificial intelligence},
  pages={129--138},
  year={1998},
  organization={Morgan Kaufmann Publishers Inc.}
}
@article{jordan1999introduction,
  title={An introduction to variational methods for graphical models},
  author={Jordan, M.I. and Ghahramani, Z. and Jaakkola, T.S. and Saul, L.K.},
  journal={Machine learning},
  volume={37},
  number={2},
  pages={183--233},
  year={1999},
  publisher={Springer}
}
@inproceedings{meek1995causal,
  title={Causal inference and causal explanation with background knowledge},
  author={Meek, C.},
  booktitle={Uncertainty in Artificial Intelligence},
  volume={11},
  pages={403--410},
  publisher={Corvallis: AUAI Press},
  year={1995}
}@article{raedt2008probabilistic,
  title={Probabilistic logic learning},
  author={Raedt, L.D.},
  journal={Logical and Relational Learning},
  pages={223--288},
  year={2008},
  publisher={Springer}
}
@ONLINE{commodity12,

  title = {COntinuous Multi-parametric and Multi-layered analysis Of DIabetes TYpe 1 and 2},
  month = {September},
  year = {2012},
  url = {http://commodity12.eu/}
}
@article{goldberger2000physiobank,
  title={PhysioBank, PhysioToolkit, and PhysioNet: Components of a new research resource for complex physiologic signals},
  author={Goldberger, A.L. and Amaral, L.A.N. and Glass, L. and Hausdorff, J.M. and Ivanov, P.C. and Mark, R.G. and Mietus, J.E. and Moody, G.B. and Peng, C.K. and Stanley, H.E.},
  journal={Circulation},
  volume={101},
  number={23},
  pages={e215--e220},
  year={2000},
  publisher={Am Heart Assoc}
}
@article{lucas2004bayesian,
  title={Bayesian networks in biomedicine and health-care},
  author={Lucas, P.J.F. and van der Gaag, L.C. and Abu-Hanna, A.},
  journal={Artificial Intelligence in medicine},
  volume={30},
  number={3},
  pages={201--214},
  year={2004},
  publisher={Elsevier}
}
@article{kolda2009tensor,
  title={Tensor decompositions and applications},
  author={Kolda, T.G. and Bader, B.W.},
  journal={SIAM Review},
  volume={51},
  number={3},
  pages={455--500},
  year={2009},
  publisher={SIAM}
}
@inproceedings{vasilescu2005multilinear,
  title={Multilinear independent components analysis},
  author={Vasilescu, M. A. O. and Terzopoulos, D.},
  booktitle={{IEEE} Computer Society Conference on Computer Vision and Pattern Recognition},
  pages={547--553},
  year={2005},
  organization={IEEE}
}
@article{entner2010causal,
  title={On causal discovery from time series data using {FCI}},
  author={Entner, D. and Hoyer, P. O.},
  journal={Probabilistic Graphical Models},
  year={2010},
  publisher={Citeseer}
}
@inproceedings{hyvaerinen2008causal,
  title={Causal modelling combining instantaneous and lagged effects: an identifiable model based on non-Gaussianity},
  author={Hyv{\"a}rinen, A. and Shimizu, S. and Hoyer, P. O.},
  booktitle={Proceedings of the International Conference on Machine Learning ({ICML})},
  pages={424--431},
  year={2008}
}
@article{hyvaerinen2000independent,
  title={Independent component analysis: algorithms and applications},
  author={Hyv{\"a}rinen, A. and Oja, E.},
  journal={Neural networks},
  volume={13},
  number={4},
  pages={411--430},
  year={2000},
  publisher={Elsevier}
}
@article{bollen1989structural,
  title={Structural equations with latent variables},
  author={Bollen, K. A.},
  year={1989},
  publisher={Wiley New York}
}
@article{hyvaerinen2000independent,
  title={Independent component analysis: algorithms and applications},
  author={Hyv{\"a}rinen, A. and Oja, E.},
  journal={Neural networks},
  volume={13},
  number={4},
  pages={411--430},
  year={2000},
  publisher={Elsevier}
}
@article{deLathauwer2000best,
  title={On the best rank-1 and rank-(R 1, R 2,..., Rn) approximation of higher-order tensors},
  author={De Lathauwer, L. and De Moor, B. and Vandewalle, J.},
  journal={SIAM Journal on Matrix Analysis and Applications},
  volume={21},
  number={4},
  pages={1324--1342},
  year={2000},
  publisher={SIAM}
}
@phdthesis{murphy2002dynamic,
  title={Dynamic bayesian networks: representation, inference and learning},
  author={Murphy, K. P.},
  year={2002},
  school={University of California}
}
@book{cichocki2009nonnegative,
  title={Nonnegative matrix and tensor factorizations: applications to exploratory multi-way data analysis and blind source separation},
  author={Cichocki, A. and Zdunek, R. and Phan, A. H. and Amari, S.},
  year={2009},
  publisher={Wiley}
}
@article{granger1969investigating,
  title={Investigating causal relations by econometric models and cross-spectral methods},
  author={Granger, C.W.J.},
  journal={Econometrica: Journal of the Econometric Society},
  pages={424--438},
  year={1969},
  publisher={JSTOR}
}
@inproceedings{spirtes2001anytime,
  title={An anytime algorithm for causal inference},
  author={Spirtes, P.},
  booktitle={Proc. of International Workshop on Artificial Intelligence and Statistics},
  year={2001},
  organization={Citeseer}
}
@article{peters2012causal,
  title={Causal Inference on Time Series using Structural Equation Models},
  author={Peters, J. and Janzing, D. and Schoelkopf, B.},
  journal={arXiv preprint arXiv:1207.5136},
  year={2012}
}
@misc{UCIrepository,
author = {Frank, A. and Asuncion, A.},
year = {2010},
title = {{UCI} Machine Learning Repository},
url = {http://archive.ics.uci.edu/ml},
howpublished = {Available online}
institution = {University of California, Irvine, School of Information and Computer Sciences}
 } 
@book{diamandis2012abundance,
  title={Abundance: The future is better than you think},
  author={Diamandis, P. H. and Kotler, S.},
  year={2012},
  publisher={Free Press}
}
@article{tenenbaum2011grow,
  title={How to grow a mind: Statistics, structure, and abstraction},
  author={Tenenbaum, J. B. and Kemp, C. and Griffiths, T. L. and Goodman, N. D.},
  journal={Science},
  volume={331},
  number={6022},
  pages={1279--1285},
  year={2011},
  publisher={American Association for the Advancement of Science}
}
@article{hyvaerinen2010estimation,
  title={Estimation of a structural vector autoregression model using non-Gaussianity},
  author={Hyv{\"a}rinen, A. and Zhang, K. and Shimizu, S. and Hoyer, P. O.},
  journal={The Journal of Machine Learning Research},
  volume={11},
  pages={1709--1731},
  year={2010},
  publisher={JMLR. org}
}
@article{kawahara2011analyzing,
  title={Analyzing relationships among ARMA processes based on non-Gaussianity of external influences},
  author={Kawahara, Y. and Shimizu, S. and Washio, T.},
  journal={Neurocomputing},
  volume={74},
  number={12},
  pages={2212--2221},
  year={2011},
  publisher={Elsevier}
}
@misc{TTBSoftware,
  author = {B. W. Bader and T. G. Kolda and others},
  title = {MATLAB Tensor Toolbox Version 2.5},
  howpublished = {Available online},
  month = {January},
  year = {2012},
  url = {http://www.sandia.gov/~tgkolda/TensorToolbox/}
}

@article{ding200617,
  title={17 Granger Causality: Basic Theory and Application to Neuroscience},
  author={Ding, M. and Chen, Y. and Bressler, S. L.},
  journal={Handbook of time series analysis},
  pages={437},
  year={2006},
  publisher={Wiley-VCH}
}
@article{seth2010matlab,
  title={A MATLAB toolbox for Granger causal connectivity analysis},
  author={Seth, A. K.},
  journal={Journal of Neuroscience Methods},
  volume={186},
  number={2},
  pages={262},
  year={2010}
}
@article{schreiber2000measuring,
  title={Measuring information transfer},
  author={Schreiber, T.},
  journal={Physical Review Letters},
  volume={85},
  number={2},
  pages={461--464},
  year={2000},
  publisher={APS}
}
@article{barnett2009granger,
  title={Granger causality and transfer entropy are equivalent for Gaussian variables},
  author={Barnett, L. and Barrett, A. B. and Seth, A. K.},
  journal={Physical Review Letters},
  volume={103},
  number={23},
  pages={238701},
  year={2009},
  publisher={APS}
}
@article{JAISE,
  title={COMMODITY$_{12}$: A Smart e-Health Environment for Diabetes Management},
  author={Kafal{\i}, {\"O}. and Bromuri, S. and Sindlar, M. and van der Weide, T. and Aguilar Pelaez, E. and Schaechtle, U. and Alves, B. and Zufferey, D. and Rodriguez-Villegas, E. and Schumacher, M. I. and Stathis, K.},
  journal={Journal of Ambient Intelligence and Smart Environments, IOS Press (To appear)},
  year={2013}
}
@inproceedings{choi2011lifted,
  title={Lifted Relational Kalman Filtering},
  author={Choi, Jaesik and Guzman-Rivera, Abner and Amir, Eyal},
  booktitle={Proceedings of the Twenty-Second International Joint Conference on Artificial Intelligence ({IJCAI})},
  pages={2092--2099},
  year={2011},
  organization={AAAI Press}
}
@book{anderson1958introduction,
  title={An introduction to multivariate statistical analysis},
  author={Anderson, Theodore Wilbur and Anderson, Theodore Wilbur and Anderson, Theodore Wilbur and Anderson, Theodore Wilbur},
  volume={2},
  year={1958},
  publisher={Wiley New York}
}


@inproceedings{choi2010lifted,
  title={Lifted inference for relational continuous models},
  author={Choi, Jaesik and Amir, Eyal and Hill, David J},
  journal={Urbana},
  volume={51},
  pages={61801},
 booktitle = {The 27th Conference on Uncertainty in Artificial Intelligence},
 publisher={Corvallis: AUAI Press},
  year={2010}
}

@inproceedings{schaechtle2013multi,
   title={Multi-dimensional Causal Discovery},
   author={Schaechtle, Ulrich and Stathis, Kostas and Bromuri, Stefano},
   booktitle={Proceedings of the Nineteenth International Joint Conference on Artificial Intelligence ({IJCAI})},
   year={2013},
     pages={1649--1655},
   organization={AAAI Press}
}


@inproceedings{xu2009multi,
  title={Multi-Relational Learning with Gaussian Processes.},
  author={Xu, Zhao and Kersting, Kristian and Tresp, Volker},
 booktitle={Proceedings of the Twenty-Third International Joint Conference on Artificial Intelligence ({IJCAI})},
  volume={9},
  pages={1309--1314},
  year={2009},
    organization={AAAI Press}
}


@techreport{murphy1998switching,
  title={Switching kalman filters},
  author={Murphy, Kevin P},
  year={1998},
  institution={Citeseer}
}
@article{genesereth1984use,
  title={The use of design descriptions in automated diagnosis},
  author={Genesereth, Michael R},
  journal={Artificial Intelligence},
  volume={24},
  number={1-3},
  pages={411--436},
  year={1984},
  publisher={Elsevier}
}

@inproceedings{lamperti2011context,
  title={Context-sensitive diagnosis of discrete-event systems},
  author={Lamperti, Gianfranco and Zanella, Marina},
  booktitle={Proceedings of the Twenty-Second international joint conference on Artificial Intelligence-Volume Volume Two},
  pages={969--975},
  year={2011},
  organization={AAAI Press}
}


@article{roweis1999unifying,
  title={A unifying review of linear Gaussian models},
  author={Roweis, Sam and Ghahramani, Zoubin},
  journal={Neural Computation},
  volume={11},
  number={2},
  pages={305--345},
  year={1999},
  publisher={MIT Press}
}

@inproceedings{friedman1998bayesian,
  title={The Bayesian structural EM algorithm},
  author={Friedman, Nir},
  booktitle={Proceedings of the Fourteenth conference on Uncertainty in artificial intelligence},
  pages={129--138},
  year={1998},
  organization={Morgan Kaufmann Publishers Inc.}
}

@inproceedings{beal2003variational,
  title={The variational Bayesian EM algorithm for incomplete data: with application to scoring graphical model structures},
  author={Beal, M.J. and Ghahramani, Z.},
  booktitle={Proceedings of the Fourteenth conference on Uncertainty in artificial intelligence},
  booktitle={Bayesian Statistics 7: Proceedings of the 7th Valencia International Meeting},
  pages={453},
  year={2003}
}
@article{cussens2001parameter,
  title={Parameter estimation in stochastic logic programs},
  author={Cussens, James},
  journal={Machine Learning},
  volume={44},
  number={3},
  pages={245--271},
  year={2001},
  publisher={Springer}
}
@incollection{domingos2008markov,
  title={Markov logic},
  author={Domingos, Pedro and Kok, Stanley and Lowd, Daniel and Poon, Hoifung and Richardson, Matthew and Singla, Parag},
  booktitle={Probabilistic inductive logic programming},
  pages={92--117},
  year={2008},
  publisher={Springer}
}
@article{cussens2005integrating,
  title={Integrating by separating: Combining probability and logic with ICL, PRISM and SLPs},
  author={Cussens, James},
  journal={APRIL project report},
  year={2005}
}
@article{shumway1982approach,
  title={An approach to time series smoothing and forecasting using the EM algorithm},
  author={Shumway, Robert H and Stoffer, David S},
  journal={Journal of time series analysis},
  volume={3},
  number={4},
  pages={253--264},
  year={1982},
  publisher={Wiley Online Library}
}

@article{howe2008big,
  title={Big data: The future of biocuration},
  author={Howe, Doug and Costanzo, Maria and Fey, Petra and Gojobori, Takashi and Hannick, Linda and Hide, Winston and Hill, David P and Kania, Renate and Schaeffer, Mary and St Pierre, Susan and others},
  journal={Nature},
  volume={455},
  number={7209},
  pages={47--50},
  year={2008},
  publisher={Nature Publishing Group}
}
@inproceedings{stearns2001snomed,
  title={SNOMED clinical terms: overview of the development process and project status.},
  author={Stearns, Michael Q and Price, Colin and Spackman, Kent A and Wang, Amy Y},
  booktitle={Proceedings of the AMIA Symposium},
  pages={662},
  year={2001},
  organization={American Medical Informatics Association}
}

@techreport{d51,
  title={Agent Model-driven Diagnosis using Multi-parametric Data {D:5.1}},
  author={Kafal{\i}, {\"O}. and Schaechtle, U. and Stathis, K.},
  year={2012},
  institution={Department of Computer Science, Royal Holloway, University of London}

}
@techreport{d21,
  title={A report on COMMODITY12 Diagnostic Models, security
specification and scenarios {D:2.1}},
  author={{LODZ, CHUV, CNRS, RHUL, HES-SO, DFKI, PORTAVITA}},
  year={2012},
  institution={{LODZ, CHUV, CNRS, RHUL, HES-SO, DFKI, PORTAVITA}}
}
@article{ghosh2011markov,
  title={Markov logic networks in health informatics},
  author={Ghosh, Shalini and Shankar, Natarajan and Owre, Sam and David, Sean and Swan, Gary and Lincoln, Patrick},
  journal={In Proceedings of ICML-MLGC},
  volume={2011},
  year={2011}
}

@inproceedings{saeed2002mimic,
  title={{MIMIC} II: a massive temporal ICU patient database to support research in intelligent patient monitoring},
  author={Saeed, Mohammed and Lieu, C and Raber, G and Mark, RG},
  booktitle={Computers in Cardiology, 2002},
  pages={641--644},
  year={2002},
  organization={IEEE}
}
@article{palerm2007hypoglycemia,
  title={Hypoglycemia detection and prediction using continuous glucose monitoring—a study on hypoglycemic clamp data},
  author={Palerm, Cesar C and Bequette, B Wayne},
  journal={J Diabetes Sci Technol},
  volume={1},
  number={5},
  pages={624--629},
  year={2007}
}

@article{turksoy2013hypoglycemia,
  title={Hypoglycemia Early Alarm Systems Based on Multivariable Models},
  author={Turksoy, Kamuran and Bayrak, Elif Seyma and Quinn, Lauretta and Littlejohn, Elizabeth and Rollins, Derrick Keith and Cinar, Ali},
  journal={Industrial \& Engineering Chemistry Research},
  year={2013},
  publisher={ACS Publications}
}
@article{facchinetti2011new,
  title={A new index to optimally design and compare continuous glucose monitoring glucose prediction algorithms},
  author={Facchinetti, Andrea and Sparacino, Giovanni and Trifoglio, Emanuele and Cobelli, Claudio},
  journal={Diabetes technology \& therapeutics},
  volume={13},
  number={2},
  pages={111--119},
  year={2011},
  publisher={Mary Ann Liebert, Inc. 140 Huguenot Street, 3rd Floor New Rochelle, NY 10801 USA}
}

@article{eimler2010following,
  title={Following the White Rabbit--A Robot Rabbit as Vocabulary Trainer for Beginners of English},
  author={Eimler, S. and von der Puetten, A. and Schaechtle, U. and Carstens, L. and Kraemer, N.},
  journal={HCI in Work and Learning, Life and Leisure},
  pages={322--339},
  year={2010},
  publisher={Springer}
}
@incollection{eimler2010following,
year={2010},
isbn={978-3-642-16606-8},
booktitle={HCI in Work and Learning, Life and Leisure},
volume={6389},
series={Lecture Notes in Computer Science},
editor={Leitner, Gerhard and Hitz, Martin and Holzinger, Andreas},
doi={10.1007/978-3-642-16607-5_22},
title={Following the White Rabbit – A Robot Rabbit as Vocabulary Trainer for Beginners of English},
url={http://dx.doi.org/10.1007/978-3-642-16607-5_22},
publisher={Springer Berlin Heidelberg},
keywords={Robots; robot-assisted learning; hedonic quality; motivation; vocabulary training; human-robot interaction; e-learning; intelligent tutoring systems},
  author={Eimler, S. and von der Puetten, A. and Schaechtle, U. and Carstens, L. and Kraemer, N.},
pages={322-339}
}
@article{brand2011watching,
  title={Watching Pornographic Pictures on the Internet: Role of Sexual Arousal Ratings and Psychological--Psychiatric Symptoms for Using Internet Sex Sites Excessively},
  author={Brand, M. and Laier, C. and Pawlikowski, M. and Schaechtle, U. and Schoeler, T. and Altstoetter-Gleich, C.},
  journal={Cyberpsychology, Behavior, and Social Networking},
  volume={14},
  number={6},
  pages={371--377},
  year={2011},
  publisher={Mary Ann Liebert, Inc. 140 Huguenot Street, 3rd Floor New Rochelle, NY 10801 USA}
}

@inproceedings{teap,
  title={Arbeitsgedaechtnisleistunge fuer internetpornographisches Material bei erwachsenen, heterosexuellen Maennern},
  author={Schaechtle, U. and Schoeler, T. and Laier, C. and Pawlikowski, M. and Brand, M.},
  booktitle={Tagung experimentell arbeitender Psychologen, 2010, Saarbruecken, Germany},
  year={2010}
}

@article{skarlatidis2011probabilistic,
  title={Probabilistic event calculus based on markov logic networks},
  author={Skarlatidis, A. and Paliouras, G. and Vouros, G. and Artikis, A.},
  journal={Rule-Based Modeling and Computing on the Semantic Web},
  pages={155--170},
  year={2011},
  publisher={Springer}
}
@inproceedings{apsel2012lifted,
  title={Lifted MEU by Weighted Model Counting},
  author={Apsel, U. and Brafman, R.I.},
  year={2012},
  booktitle={{Proceedings of the Twenty-Sixth AAAI Conference on Artificial Intelligence}}
}

@inproceedings{page2012identifying,
  title={Identifying Adverse Drug Events by Relational Learning},
  author={Page, D. and Costa, V.S. and Natarajan, S. and Barnard, A. and Peissig, P. and Caldwell, M.},
  booktitle={{Proceedings of the Twenty-Sixth AAAI Conference on Artificial Intelligence}},
  pages={1599--1605},
  year={2012}
}
@article{cornet2008forty,
  title={Forty years of SNOMED: a literature review},
  author={Cornet, R. and De Keizer, N.},
  journal={BMC medical informatics and decision making},
  volume={8},
  number={Suppl 1},
  pages={S2},
  year={2008},
  publisher={BioMed Central Ltd}
}
@inproceedings{lukasiewicz2012heuristic,
  title={Heuristic Ranking in Tightly Coupled Probabilistic Description Logics},
  author={Lukasiewicz, T. and Martinez, M.V. and Orsi, G. and Simari, G.I.},
  booktitle={Proceedings of the 28th Conference on Uncertainty in Artificial Intelligence},
  year={2012},
  publisher={Corvallis: AUAI Press}
}
@inproceedings{lee2011open,
  title={Open-access MIMIC-II database for intensive care research},
  author={Lee, J. and Scott, DJ and Villarroel, M. and Clifford, GD and Saeed, M. and Mark, RG},
  booktitle={Engineering in Medicine and Biology Society, EMBC, 2011 Annual International Conference of the IEEE},
  pages={8315--8318},
  year={2011},
  organization={IEEE}
}
@techreport{heckerman2004probabilistic,
  title={Probabilistic models for relational data},
  author={Heckerman, David and Meek, Christopher and Koller, Daphne},
  year={2004},
  institution={Technical Report MSR-TR-2004-30, Microsoft Research}
}

@inproceedings{braz2005lifted,
  title={Lifted first-order probabilistic inference},
  author={Braz, R and Amir, Eyal and Roth, Dan},
  booktitle={Proceedings of the 19th International Joint Conference on Artificial intelligence},
  pages={1319--1325},
  year={2005},
  organization={Citeseer}
}


@inproceedings{poole2003first,
  title={First-order probabilistic inference},
  author={Poole, David},
  booktitle={Proceedings of the 18th International Joint Conference on Artificial intelligence},
  pages={985--991},
  year={2003},
  organization={Citeseer}
}
@inproceedings{gogate2011probabilistic,
  author    = {Vibhav Gogate and
               Pedro Domingos},
  title     = {Probabilistic Theorem Proving},
  booktitle = {The 27th Conference on Uncertainty in Artificial Intelligence},
  year      = {2011},
  publisher={Corvallis: AUAI Press},
  pages     = {256-265},

}

@inproceedings{choi2012lifted,
  title={Lifted relational variational inference},
  author={Choi, Jaesik and Amir, Eyal},
  booktitle = {The 27th Conference on Uncertainty in Artificial Intelligence},
  year={2012},
  publisher={Corvallis: AUAI Press}
}
@inproceedings{claassen2012bayesian,
  title={A Bayesian Approach to Constraint Based Causal Inference},
  author={Claassen, Tom and Heskes, Tom},
    booktitle = {The 28th Conference on Uncertainty in Artificial Intelligence},
    publisher={Corvallis: AUAI Press},
      year={2012}
}

@inproceedings{poole2013cyclic,
 title={Cyclic Causal Models with Discrete Variables: Markov Chain Equilibrium Semantics and Sample Ordering},
  author={Poole, David and Crowley, Mark},
   booktitle={Proceedings of the Twenty-Third International Joint Conference on Artificial Intelligence},
   year={2013},
   organization={AAAI Press}
}
@article{zhang2008causal,
  title={Causal reasoning with ancestral graphs},
  author={Zhang, Jiji},
  journal={The Journal of Machine Learning Research},
  volume={9},
  pages={1437--1474},
  year={2008},
  publisher={JMLR. org}
}
@inproceedings{claassen2011logical,
  title={A logical characterization of constraint-based causal discovery},
  author={Claassen, Tom and Heskes, Tom},
    booktitle = {The 27th Conference on Uncertainty in Artificial Intelligence},
    publisher={Corvallis: AUAI Press},
  year={2011}
}


@article{palerm2005hypoglycemia,
  title={Hypoglycemia prediction and detection using optimal estimation},
  author={Palerm, Cesar C and Willis, John P and Desemone, James and Bequette, B Wayne},
  journal={Diabetes technology \& therapeutics},
  volume={7},
  number={1},
  pages={3--14},
  year={2005},
  publisher={Mary Ann Liebert, Inc. 2 Madison Avenue Larchmont, NY 10538 USA}
}
@inproceedings{bequette2004optimal,
  title={Optimal estimation applications to continuous glucose monitoring},
  author={Bequette, B Wayne},
  booktitle={American Control Conference, 2004. Proceedings of the 2004},
  volume={1},
  pages={958--962},
  year={2004},
  organization={IEEE}
}
@article{knobbe2005extended,
  title={The extended Kalman filter for continuous glucose monitoring},
  author={Knobbe, Edward J and Buckingham, Bruce},
  journal={Diabetes technology \& therapeutics},
  volume={7},
  number={1},
  pages={15--27},
  year={2005},
  publisher={Mary Ann Liebert, Inc. 2 Madison Avenue Larchmont, NY 10538 USA}
}
@article{eren2012adaptive,
  title={Adaptive system identification for estimating future glucose concentrations and hypoglycemia alarms},
  author={Eren-Oruklu, Meriyan and Cinar, Ali and Rollins, Derrick K and Quinn, Lauretta},
  journal={Automatica},
  volume={48},
  number={8},
  pages={1892--1897},
  year={2012},
  publisher={Elsevier}
}
@article{sparacino2007glucose,
  title={Glucose concentration can be predicted ahead in time from continuous glucose monitoring sensor time-series},
  author={Sparacino, Giovanni and Zanderigo, Francesca and Corazza, Stefano and Maran, Alberto and Facchinetti, Andrea and Cobelli, Claudio},
  journal={Biomedical Engineering, IEEE Transactions on},
  volume={54},
  number={5},
  pages={931--937},
  year={2007},
  publisher={IEEE}
}
@article{palerm2007hypoglycemia,
  title={Hypoglycemia detection and prediction using continuous glucose monitoring—a study on hypoglycemic clamp data},
  author={Palerm, Cesar C and Bequette, B Wayne},
  journal={J Diabetes Sci Technol},
  volume={1},
  number={5},
  pages={624--629},
  year={2007}
}
@inproceedings{kuhn2008pervasive,
  title={Pervasive diagnosis: Integration of active diagnosis into production plans},
  author={Kuhn, Lukas and Price, Bob and de Kleer, Johan and Do, Minh and Zhou, Rong},
  booktitle={proceedings of AAAI},
  year={2008}
}
@inproceedings{hutter2003gaussian,
  title={The gaussian particle filter for diagnosis of non-linear systems},
  author={Hutter, Frank and Dearden, Richard and others},
  booktitle={Proceedings of the 5th IFAC Symposium on Fault Detection, Supervision and Safety of Technical Processes},
  year={2003}
}
@techreport{dearden2002particle,
  title={Particle filters for real-time fault detection in planetary rovers},
  author={Dearden, Richard and Clancy, Dan},
  year={2002},
  institution={DTIC Document}
}
@article{skarlatidis2012probabilistic,
  title={A Probabilistic Logic Programming Event Calculus},
  author={Skarlatidis, Anastasios and Artikis, Alexander and Filippou, Jason and Paliouras, Georgios},
  journal={arXiv preprint arXiv 1204 1851},
  year={2012}
}
@inproceedings{lu2013electrocardiography,
  title={Electrocardiography Recognition Based on Wavelet Filter and EM Algorithms},
  author={Lu, Xingjia and Lin, Yong and Fan, Jianbo},
  booktitle={International Workshop on Artificial Intelligence and NetMedicine},
  pages={31},
  year={2013}
}
@inproceedings{bahati2013towards,
  title={Towards Evidence-Based Decision Support Systems},
  author={Bahati, Raphael and Gwadry-Sridhar, Femida and Gwadry, Femida},
  booktitle={International Workshop on Artificial Intelligence and NetMedicine},
  pages={51},
  year={2013}
}
@inproceedings{oberkampf2012towards,
  title={Towards a Ranking of Likely Diseases in Terms of Precision and Recall},
  author={Oberkampf, Heiner and Zillner, Sonja and Bauer, Bernhard and Hammon, Matthias},
  booktitle={International Workshop on Artificial Intelligence and NetMedicine},
  pages={11},
  year={2012}
}

@inproceedings{kafali13netmed,
  author={{\"O}zg{\"u}r Kafal{\i} and Michal Sindlar and Tom van der Weide and Kostas Stathis},
  title={$\cal{ORC}$: an  $\cal{O}$ntology $\cal{R}$easoning $\cal{C}$omponent for Diabetes},
  booktitle={2nd International Workshop on Artificial Intelligence and Netmedicine (NetMed'13)},
  year={2013}
}

@ONLINE{quinnSKF,
  author = {Quinn, J.},
  title = {Switching Kalman Filter demo},
  month = {October},
  year = {2013},
  url = {http://www.cit.mak.ac.ug/staff/jquinn/software.html}
}
@incollection{milch2007first,
  title={First-order probabilistic languages: Into the unknown},
  author={Milch, Brian and Russell, Stuart},
  booktitle={Inductive Logic Programming},
  pages={10--24},
  year={2007},
  publisher={Springer}
}
@article{engle1982autoregressive,
  title={Autoregressive conditional heteroscedasticity with estimates of the variance of United Kingdom inflation},
  author={Engle, Robert F},
  journal={Econometrica: Journal of the Econometric Society},
  pages={987--1007},
  year={1982},
  publisher={JSTOR}
}
@inproceedings{mooij2013ordinary,
  title={From Ordinary Differential Equations to Structural Causal Models: the deterministic case},
  author={Mooij, Joris M and Janzing, Dominik and Schoelkopf, Bernhard},
  booktitle = {The 27th Conference on Uncertainty in Artificial Intelligence},
  publisher={Corvallis: AUAI Press},
  year={2013}
}
@inproceedings{lazaro2011variational,
  title={Variational heteroscedastic Gaussian process regression},
  author={L{\'a}zaro-Gredilla, Miguel and Titsias, Michalis},
  booktitle={Proceedings of the 28th International Conference on Machine Learning (ICML)},
  pages={841--848},
  year={2011}
}

@article{hyvaerinen1999fast,
  title={Fast and robust fixed-point algorithms for independent component analysis},
  author={Hyv{\"a}rinen, Aapo},
  journal={Neural Networks},
  volume={10},
  number={3},
  pages={626--634},
  year={1999},
  publisher={IEEE}
}
@misc{shewchuk1994introduction,
  title={An introduction to the conjugate gradient method without the agonizing pain},
  author={Shewchuk, Jonathan Richard},
  year={1994},
  publisher={Carnegie Mellon University, Pittsburgh, PA}
}
@inproceedings{mooij2013cyclic,
  title={Cyclic causal discovery from continuous equilibrium data},
  author={Mooij, Joris M and Heskes, Tom},
  booktitle={Proceedings of the 29th Conference on Uncertainty in Artificial Intelligence},
  year={2013},
  publisher={Corvallis: AUAI Press}
}

@article{hyvaerinen1999fast,
  title={Fast and robust fixed-point algorithms for independent component analysis},
  author={Hyv{\"a}rinen, Aapo},
  journal={Neural Networks},
  volume={10},
  number={3},
  pages={626--634},
  year={1999},
  publisher={IEEE}
}
@book{rasmussen2006gaussian,
  title={Gaussian Processes for Machine Learning (Adaptive Computation and Machine Learning)},
  author={Rasmussen, C. E. and Williams, C. K. I.},
  year={2006},
  publisher={The MIT Press}
}
@article{polak1969note,
  title={Note sur la convergence de m{\'e}thodes de directions conjugu{\'e}es},
  author={Polak, Elijah and Ribiere, Gerard},
  journal={ESAIM: Mathematical Modelling and Numerical Analysis-Mod{\'e}lisation Math{\'e}matique et Analyse Num{\'e}rique},
  volume={3},
  number={R1},
  pages={35--43},
  year={1969},
  publisher={EDP Sciences}
}
@article{hager2006survey,
  title={A survey of nonlinear conjugate gradient methods},
  author={Hager, William W and Zhang, Hongchao},
  journal={Pacific journal of Optimization},
  volume={2},
  number={1},
  pages={35--58},
  year={2006}
}
@inproceedings{peters2011identifiability,
  title={Identifiability of causal graphs using functional models},
  author={Peters, Jonas and Mooij, JM and Janzing, D and Sch{\"o}lkop, B},
  year={2011},
  booktitle={Proceedings of the 27th Conference on Uncertainty in Artificial Intelligence},
  publisher={Corvallis: AUAI Press}
}

@inproceedings{kpotufe2014consistency,
 title={Consistency of Causal Inference under the Additive Noise Model},
  author={Kpotufe, Samory and Sgouritsa, Eleni and Janzing, Dominik and Sch{\"o}lkopf, Bernhard},
  booktitle={Proceedings of the 31st International Conference on Machine Learning ({ICML})},

  year={2014}
}

@inproceedings{mooij2010probabilistic,
  title={Probabilistic latent variable models for distinguishing between cause and effect.},
  author={Mooij, Joris M and Stegle, Oliver and Janzing, Dominik and Zhang, Kun and Sch{\"o}lkopf, Bernhard},
     booktitle = {{A}dvances in {N}eural {I}nformation {P}rocessing {S}ystems ({NIPS})},
  pages={1687--1695},
  year={2010}
}

  @inproceedings{Daniusis_et_al_UAI_10,
    title     = {Inferring deterministic causal relations},
    author    = {Povilas Daniu{\v s}is and Dominik Janzing and Joris Mooij and Jakob Zscheischler and Bastian Steudel and Kun Zhang and Bernhard Sch{\"o}lkopf},
    booktitle = {Proceedings of the 26th Annual Conference on {U}ncertainty in {A}rtificial {I}ntelligence},
    year      = 2010,
    url       = {http://event.cwi.nl/uai2010/papers/UAI2010_0121.pdf}
  }
  
  @inproceedings{Daniusis2010Inferring,
    title     = {Inferring deterministic causal relations},
    author    = {Povilas Daniu{\v s}is and Dominik Janzing and Joris Mooij and Jakob Zscheischler and Bastian Steudel and Kun Zhang and Bernhard Sch{\"o}lkopf},
    booktitle = {Proceedings of the 26th Annual Conference on {U}ncertainty in {A}rtificial {I}ntelligence},
    year      = 2010,
    url       = {http://event.cwi.nl/uai2010/papers/UAI2010_0121.pdf}
  }
  @inproceedings{zhang2008distinguishing,
  title={Distinguishing causes from effects using nonlinear acyclic causal models},
  author={Zhang, Kun and Hyv{\"a}rinen, Aapo},
  booktitle={Journal of Machine Learning Research, Workshop and Conference Proceedings (NIPS 2008 causality workshop)},
  volume={6},
  pages={157--164},
  year={2008}
}

 @inproceedings{peters2011identifiability,
  title={Identifiability of causal graphs using functional models},
  author={Peters, Jonas and Mooij, JM and Janzing, D and Sch{\"o}lkop, B},
  year={2011},
    booktitle={Proceedings of the 27st Conference on Uncertainty in Artificial Intelligence},
  pages={589--598},
  publisher={Corvallis: AUAI Press}
}
@book{murphy2012machine,
  title={Machine learning: a probabilistic perspective},
  author={Murphy, Kevin P},
  address = {Cambridge, MA},
  isbn = {0262018020, 9780262018029},
 publisher = {The MIT Press},
  year={2012}
}
@article{morgan1976stock,
  title={Stock prices and heteroscedasticity},
  author={Morgan, Ieuan G},
  journal={Journal of Business},
  pages={496--508},
  year={1976},
  publisher={JSTOR}
}
@article{romero2013navigating,
  title={Navigating the protein fitness landscape with Gaussian processes},
  author={Romero, Philip A and Krause, Andreas and Arnold, Frances H},
  journal={Proceedings of the National Academy of Sciences},
  volume={110},
  number={3},
  pages={E193--E201},
  year={2013},
  publisher={National Acad Sciences}
}
@article{perez2013gaussian,
  title={Gaussian processes for nonlinear signal processing: An overview of recent advances},
  author={P{\'e}rez-Cruz, Fernando and Van Vaerenbergh, Steven and Murillo-Fuentes, Juan Jos{\'e} and L{\'a}zaro-Gredilla, Miguel and Santamaria, Ignacio},
  journal={Signal Processing Magazine, IEEE},
  volume={30},
  number={4},
  pages={40--50},
  year={2013},
  publisher={IEEE}
}
@article{clifton2013gaussian,
  title={Gaussian processes for personalized e-health monitoring with wearable sensors},
  author={Clifton, Lei and Clifton, David A and Pimentel, Marco AF and Watkinson, Peter J and Tarassenko, Lionel},
  journal={Biomedical Engineering, IEEE Transactions on},
  volume={60},
  number={1},
  pages={193--197},
  year={2013},
  publisher={IEEE}
}
@inproceedings{zhang2009identifiability,
  title={On the identifiability of the post-nonlinear causal model},
  author={Zhang, Kun and Hyv{\"a}rinen, Aapo},
  booktitle={Proceedings of the Twenty-Fifth Conference on Uncertainty in Artificial Intelligence},
  pages={647--655},
  year={2009},
publisher={Corvallis: AUAI Press}
}
@inproceedings{zhang2013estimation,
  title={On Estimation of Functional Causal Models: Post-Nonlinear Causal Model as an Example},
  author={Zhang, K. and Wang, Z. and Sch{\"o}lkopf, B.},
  booktitle={Data Mining Workshops (ICDMW), 2013 IEEE 13th International Conference on},
  pages={139--146},
  year={2013},
  organization={IEEE}
}
@article{chen2014causal,
  title={Causal Discovery via Reproducing Kernel Hilbert Space Embeddings},
  author={Chen, Z. and Zhang, K. and Chan, L. and Sch{\"o}lkopf, B.},
  journal={Neural Computation},
  pages={1--34},
  year={2014},
  publisher={MIT Press}
}
@article{hyvarinen2013pairwise,
  title={Pairwise likelihood ratios for estimation of non-Gaussian structural equation models},
  author={Hyv{\"a}rinen, A. and Smith, S. M.},
  journal={The Journal of Machine Learning Research},
  volume={14},
  number={1},
  pages={111--152},
  year={2013},
  publisher={JMLR. org}
}
@article{peters2014causal,
  title={Causal discovery with continuous additive noise models},
  author={Peters, J. and Mooij, J. and Janzing, D. and Sch{\"o}lkopf, B.},
 journal={The Journal of Machine Learning Research},
  volume={15},
  number={1},
  pages={2009--2053},
  year={2014}
}
@article{shimizu2011directlingam,
  title={DirectLiNGAM: A direct method for learning a linear non-Gaussian structural equation model},
  author={Shimizu, S. and Inazumi, T. and Sogawa, Y. and Hyv{\"a}rinen, A. and Kawahara, Y. and Washio, T. and Hoyer, P. O. and Bollen, K.},
  journal={The Journal of Machine Learning Research},
  volume={12},
  pages={1225--1248},
  year={2011},
  publisher={JMLR. org}
}
@article{janzing2012information,
  title={Information-geometric approach to inferring causal directions},
  author={Janzing, D. and Mooij, J. and Zhang, K. and Lemeire, J. and Zscheischler, J. and Daniu{\v{s}}is, P. and Steudel, B. and Sch{\"o}lkopf, B.},
  journal={Artificial Intelligence},
  volume={182},
  pages={1--31},
  year={2012},
  publisher={Elsevier}
}
@inproceedings{lake2013one,
  title={One-shot learning by inverting a compositional causal process},
  author={Lake, B. M. and Salakhutdinov, R. and Tenenbaum, J.},
     booktitle = {{A}dvances in {N}eural {I}nformation {P}rocessing {S}ystems ({NIPS})},
  pages={2526--2534},
  year={2013}
}

@article{thwaites2013causal,
  title={Causal identifiability via chain event graphs},
  author={Thwaites, Peter},
  journal={Artificial Intelligence},
  volume={195},
  pages={291--315},
  year={2013},
  publisher={Elsevier}
}
@article{zaffalon2013probability,
  title={Probability and time},
  author={Zaffalon, Marco and Miranda, Enrique},
  journal={Artificial Intelligence},
  volume={198},
  pages={1--51},
  year={2013},
  publisher={Elsevier}
}
@article{chicharro2014causal,
  title={A Causal Perspective on the Analysis of Signal and Noise Correlations and Their Role in Population Coding},
  author={Chicharro, D.},
  journal={Neural computation},
  volume={26},
  number={6},
  pages={999--1054},
  year={2014},
  publisher={MIT Press}
}
@article{tashiro2014parcelingam,
  title={ParceLiNGAM: A Causal Ordering Method Robust Against Latent Confounders},
  author={Tashiro, T. and Shimizu, S. and Hyv{\"a}rinen, A. and Washio, T.},
  journal={Neural computation},
  volume={26},
  number={1},
  pages={57--83},
  year={2014},
  publisher={MIT Press}
}
@article{chen2013causality,
  title={Causality in linear nongaussian acyclic models in the presence of latent gaussian confounders},
  author={Chen, Z. and Chan, L.},
  journal={Neural computation},
  volume={25},
  number={6},
  pages={1605--1641},
  year={2013},
  publisher={MIT Press}
}
@article{hyttinen2013experiment,
  title={Experiment selection for causal discovery},
  author={Hyttinen, A. and Eberhardt, F. and Hoyer, P. O.},
  journal={The Journal of Machine Learning Research},
  volume={14},
  number={1},
  pages={3041--3071},
  year={2013},
  publisher={JMLR. org}
}
@inproceedings{hyttinendiscovering,
  title={Discovering Cyclic Causal Models with Latent Variables: A General {SAT}-Based Procedure},
  author={Hyttinen, Antti and Hoyer, Patrik O and Eberhardt, Frederick and J{\"a}rvisalo, Matti},
   booktitle = {The Twenty-Ninth Conference on Uncertainty in Artificial Intelligence},
   publisher={Corvallis: AUAI Press},
   year={2013}
}
@article{ginsberg2009detecting,
  title={Detecting influenza epidemics using search engine query data},
  author={Ginsberg, Jeremy and Mohebbi, Matthew H and Patel, Rajan S and Brammer, Lynnette and Smolinski, Mark S and Brilliant, Larry},
  journal={Nature},
  volume={457},
  number={7232},
  pages={1012--1014},
  year={2009},
  publisher={Nature Publishing Group}
}

@article{schaechtle2014FlexCD,
  title={Flex{CD}: Flexible Causal Discovery},
  author={Schaechtle, U. and Stathis, K.},
    journal={Submitted to the Twenty-Ninth Conference on Artificial Intelligence (AAAI 2015)},
  year={submitted, 2014}
}
@inproceedings{kafali2014hydra,
  title={{HYDRA}: a {HY}brid {D}iagnosis and monito{R}ing {A}rchitecture for diabetes},
  author={Kafal{\i}, {\"O}. and Schaechtle, U., and Stathis, K.},
   booktitle = {Proceedings of the 16th {IEEE} International Conference on E-Health Networking, Applications and Services (to appear).},
   publisher={IEEE},
   year={2014}
}
@article{mansinghka2014venture,
  title={Venture: a higher-order probabilistic programming platform with programmable inference},
  author={Mansinghka, V. K. and Selsam, D. and Perov, Y.},
  journal={arXiv preprint arXiv:1404.0099},
  year={2014}
}
@article{shimizu2014bayesian,
  title={Bayesian estimation of causal direction in acyclic structural equation models with individual-specific confounder variables and non-Gaussian distributions},
  author={Shimizu, Shohei and Bollen, Kenneth},
  journal={The Journal of Machine Learning Research},
  volume={15},
  number={1},
  pages={2629--2652},
  year={2014},
  publisher={JMLR. org}
}
@article{cook2011assessing,
  title={Assessing Google flu trends performance in the United States during the 2009 influenza virus A (H1N1) pandemic},
  author={Cook, Samantha and Conrad, Corrie and Fowlkes, Ashley L and Mohebbi, Matthew H},
  journal={PloS one},
  volume={6},
  number={8},
  pages={e23610},
  year={2011},
  publisher={Public Library of Science}
}
@inproceedings{huberty2014expected,
  title={I expected a Model T, but instead I got a loom: Awaiting the second big data revolution},
  author={Huberty, Mark},
  booktitle={BRIE-ETLA Conference},
  year={2014}
}
@article{lazer2014parable,
  title={The Parable of Google Flu: Traps in Big Data Analysis},
  author={Lazer, David and Kennedy, Ryan and King, Gary and Vespignani, Alessandro},
  journal={Science},
  volume={343},
  number={6176},
  pages={1203--1205},
  year={2014},
  publisher={American Association for the Advancement of Science}
}
@article{liaw2002classification,
  title={Classification and regression by randomForest},
  author={Liaw, A. and Wiener, M.},
  journal={R news},
  volume={2},
  number={3},
  pages={18--22},
  year={2002}
}
@article{andrieu2003introduction,
  title={An introduction to {MCMC} for machine learning},
  author={Andrieu, C. and De Freitas, N. and Doucet, A. and Jordan, M. I.},
  journal={Machine learning},
  volume={50},
  number={1-2},
  pages={5--43},
  year={2003},
  publisher={Springer}
}


@inproceedings{duvenaud2013structure,
  title={Structure Discovery in Nonparametric Regression through Compositional Kernel Search},
  author={Duvenaud, D. and Lloyd, J. R. and Grosse, R. and Tenenbaum, J. and Ghahramani, Z.},
  booktitle={Proceedings of the 30th International Conference on Machine Learning (ICML-13)},
  pages={1166--1174},
  year={2013}
}
@inproceedings{lloyd2014automatic,
  title={Automatic Construction and Natural-Language Description of Nonparametric Regression Models},
  author={Lloyd, J. R. and Duvenaud, D. and Grosse, R. and Tenenbaum, J. and Ghahramani, Z.},
  booktitle={Twenty-Eighth AAAI Conference on Artificial Intelligence},
  year={2014}
}
@inproceedings{hinton2008using,
  title={Using deep belief nets to learn covariance kernels for Gaussian processes},
  author={Hinton, G. E. and Salakhutdinov, R.},
  booktitle={Advances in neural information processing systems},
  pages={1249--1256},
  year={2008}
}
@article{lecun1995convolutional,
  title={Convolutional networks for images, speech, and time series},
  author={LeCun, Y.and Bengio, Y.},
  journal={The handbook of brain theory and neural networks},
  volume={3361},
  pages={310},
  year={1995},
  publisher={Cambridge, MA: MIT Press}
}
@article{neal1997monte,
  title={Monte Carlo implementation of Gaussian process models for Bayesian regression and classification},
  author={Neal, R. M.},
  journal={arXiv preprint physics/9701026},
  year={1997}
}
@article{ghahramani2015probabilistic,
  title={Probabilistic machine learning and artificial intelligence},
  author={Ghahramani, Z.},
  journal={Nature},
  volume={521},
  number={7553},
  pages={452--459},
  year={2015},
  publisher={Nature Publishing Group}
}
@inproceedings{snoek2012practical,
  title={Practical Bayesian optimization of machine learning algorithms},
  author={Snoek, J. and Larochelle, H. and Adams, R. P.},
  booktitle={Advances in Neural Information Processing Systems},
  pages={2951--2959},
  year={2012}
}
@article{thompson1933likelihood,
  title={On the likelihood that one unknown probability exceeds another in view of the evidence of two samples},
  author={Thompson, W. R.},
  journal={Biometrika},
  pages={285--294},
  year={1933},
  publisher={JSTOR}
}
@article{metropolis1953equation,
  title={Equation of state calculations by fast computing machines},
  author={Metropolis, N. and Rosenbluth, A. W. and Rosenbluth, M. N. and Teller, A. H. and Teller, E.},
  journal={The Journal of Chemical Physics},
  volume={21},
  number={6},
  pages={1087--1092},
  year={1953},
  publisher={AIP Publishing}
}
@inproceedings{goodman2008church,
  title={Church: A language for generative models},
  author={Goodman, N. D .and Mansinghka, V. K. and Roy, D. and Bonawitz, K. and Tenenbaum, J.B.},
  booktitle={Proceedings of the 24th Conference on Uncertainty in Artificial Intelligence, UAI 2008},
  pages={220--229},
  year={2008}
}
@techreport{mcallester2008random,
  title={Random-world semantics and syntactic independence for expressive languages},
  author={McAllester, D. and Milch, B. and Goodman, N. D.},
  year={2008}
  institution={MIT Computer Science and Artifical Intelligence Laboratory}
}
@book{box2011time,
  title={Time series analysis: forecasting and control},
  author={Box, G. E. P. and Jenkins, G. M. and Reinsel, G. C.},
  year={1997},

}
@inproceedings{benavoli2015gaussian,
  title={Gaussian Processes for Bayesian hypothesis tests on regression functions},
  author={Benavoli, A. and Mangili, F.},
  booktitle={Proceedings of the Eighteenth International Conference on Artificial Intelligence and Statistics},
  pages={74--82},
  year={2015}
}

